3241 5118
1499 429 1732 488 Cornelii
1766 429 1933 486 Taciti

440 617 469 660 ι
490 595 631 662 fuit.
723 595 1134 660 Adnotabant
1176 593 1366 678 periti
1410 611 1538 659 non
1584 593 1785 659 alium
1832 593 2063 658 ducem
2109 592 2617 676 opportunitates
2668 592 2994 658 locorum

493 702 843 788 sapientius
887 702 1154 786 legisse3
1211 701 1463 766 nullum
1511 701 1592 766 ab
1638 700 1933 782 Agricola
1985 700 2268 785 positum
2327 699 2667 764 castellum
2746 703 2879 764 aut
2926 699 2997 762 vi

488 809 774 874 hostium
832 812 1268 893 expugnatum
1329 809 1445 873 aut
1499 807 1793 891 pactione
1847 825 1922 872 ac
1980 805 2133 889 fuga
2192 806 2551 881 desertum;
2614 826 2789 870 nam
2878 807 2999 870 ad-

492 935 712 982 versus
760 935 972 982 moras
1020 915 1363 988 obsidionis
1411 915 1640 979 annuis
1700 915 1894 998 copiis
1950 914 2389 979 firmabantur.
2478 913 2583 979 Ita
2634 913 3003 998 intrepida

491 1021 579 1088 ibi
621 1022 847 1101 hieme,
894 1023 1150 1088 crebrae
1199 1022 1561 1105 eruptiones
1609 1023 1677 1086 et
1722 1021 1842 1086 sibi
1889 1021 2158 1104 quisque
2204 1021 2548 1104 praesidi0‚
2593 1021 2820 1085 irritis
2872 1022 3007 1085 ho-

409 1147 471 1193 ιο
494 1130 698 1195 stibus
748 1148 947 1213 eoque
995 1129 1514 1212 desperantibus,
1563 1129 1715 1211 quia
1761 1129 1932 1193 soliti
1976 1129 2354 1211 plerumque
2402 1127 2638 1192 damna
2684 1127 2997 1192 aestatis

489 1235 771 1301 hibernis
818 1236 1150 1301 eventibus
1195 1255 1463 1320 pensare
1511 1236 1653 1300 tum
1702 1237 1947 1301 aestate
1996 1237 2189 1318 atque
2248 1235 2457 1299 hieme
2520 1235 2699 1299 iuxta
2772 1235 3005 1318 pelle-

490 1343 744 1408 bantur.
836 1342 972 1408 Nec
1016 1343 1309 1424 Agricola
1354 1361 1667 1425 umquam
1711 1361 1825 1426 per
1871 1343 2029 1406 alios
2077 1345 2261 1424 gesta
2307 1341 2533 1406 avidus
2578 1341 2998 1424 intercepit:

493 1467 606 1514 seu
663 1448 947 1515 centurio
1007 1468 1122 1514 seu
1188 1448 1549 1532 praefectus
1617 1450 2059 1532 incorruptum
2127 1448 2282 1513 facti
2348 1451 2586 1513 testem
2655 1449 3003 1512 habebat.

493 1555 679 1639 Apud
728 1555 1038 1638 quosdam
1084 1555 1367 1621 acerbior
1410 1557 1478 1620 in
1523 1553 1819 1620 conviciis
1864 1556 2275 1633 narrabatur,
2336 1558 2402 1620 et
2447 1556 2586 1638 erat
2631 1557 2709 1619 ut
2760 1555 2999 1620 comis

407 1679 469 1724 ιι
491 1662 691 1740 borne,
735 1663 828 1727 ita
873 1662 1179 1729 adversus
1223 1663 1427 1727 malos
1473 1661 1875 1727 iniucundus.
1969 1662 2269 1728 Ceterum
2316 1681 2392 1727 ex
2432 1649 2769 1728 iracundia
2806 1661 3000 1726 nihil

494 1770 827 1856 supererat
871 1771 1217 1848 secretum,
1264 1771 1340 1834 ut
1385 1769 1729 1835 silentium'
1760 1770 1898 1834 eius
1942 1788 2069 1834 non
2116 1770 2408 1844 timeres;
2453 1768 2797 1834 honestius
2856 1789 3002 1853 pu-

492 1875 674 1942 tabat
718 1875 1032 1942 offendere
1081 1895 1275 1959 quam
1320 1876 1546 1941 odisse.

381 1985 473 2048 23

567 2248 612 2286 s.
652 2233 930 2302 adnotare]
967 2231 1132 2286 heitst
1166 2230 1253 2286 bei
1278 2231 1490 2287 Tacitus
1527 2232 1669 2285 oster

493 2322 623 2390 „die
659 2321 998 2390 Bemerkung
1031 2322 1318 2390 machen“‚
1355 2320 1412 2374 in
1448 2319 1666 2390 doppel-

491 2414 602 2465 tem
637 2411 800 2465 Sinne
840 2437 904 2456 =
943 2410 1372 2465 animadvertere
1405 2410 1517 2463 und
1566 2410 1665 2463 ad-

491 2500 722 2554 scribere
734 2518 754 2565 ;
819 2499 938 2553 hier
1009 2499 1149 2553 wohl
1223 2499 1663 2567 animadvertere,

491 2590 767 2644 observare
778 2608 798 2654 ;
860 2588 1189 2642 adnotabant
1246 2588 1420 2658 periti
1480 2588 1665 2658 (Sach-

491 2678 738 2747 kundige)
759 2677 857 2731 mit
873 2677 1175 2745 folgendem
1195 2677 1496 2746 negativem
1511 2676 1666 2731 Satze

490 2767 694 2821 kommt
729 2767 867 2820 noch
905 2765 1143 2821 zweimal
1182 2765 1268 2819 bei
1303 2766 1514 2819 Tacitus
1551 2782 1663 2835 vor,

491 2859 631 2911 Ann.
652 2856 782 2924 XII,
802 2858 898 2925 253
927 2855 1064 2910 Hist.
1090 2855 1192 2924 111,
1212 2857 1297 2912 37.
1325 2888 1394 2895 —
1411 2856 1667 2926 pactione

490 2963 558 3001 ac
582 2946 737 3015 fuya]
769 2986 800 3014 ‚,
816 2946 1308 3015 vertragsmassiger
1325 2946 1571 3015 Abzug“.
1595 2978 1664 2985 —

490 3036 694 3104 morae]
717 3035 849 3102 „die
875 3034 1030 3103 lange
1058 3036 1299 3088 Dauer“.
1341 3066 1406 3074 -
1445 3052 1666 3087 annuae

491 3122 698 3191 copiae]
739 3122 1152 3191 „Verpflegung
1197 3124 1292 3176 auf
1337 3122 1424 3176 ein
1470 3140 1666 3193 ganzes

492 3211 684 3265 Jahr“.
724 3241 791 3249 —
829 3210 1106 3279 intrepida
1151 3211 1344 3281 hiems]
1395 3212 1496 3265 Die
1532 3212 1665 3266 Per-

491 3299 848 3366 sonifikation‚
886 3298 1089 3353 welche
1107 3299 1315 3353 Tacitus
1352 3300 1542 3369 gerade
1581 3301 1667 3354 bei

493 3387 872 3457 Zeitbegriffen
917 3387 1050 3443 liebt
1085 3388 1210 3457 (vgl.
1249 3388 1364 3457 Spr.
1404 3389 1552 3443 Bem.
1591 3391 1665 3459 8),

490 3478 718 3533 wenden
747 3476 846 3530 wir
872 3478 946 3530 im
969 3478 1036 3532 D.
1066 3476 1366 3547 gleichsalls
1396 3495 1479 3547 an,
1506 3496 1666 3532 wenn

490 3568 590 3621 wir
637 3584 744 3622 von
793 3568 1084 3637 „ruhigem
1133 3568 1423 3637 Winter“‚
1471 3585 1665 3638 „sorg-

489 3655 632 3710 ioser
654 3655 877 3709 Nacht“
906 3656 1182 3725 sprechen.
1239 3656 1308 3711 So
1327 3658 1460 3726 Kap.
1487 3659 1574 3727 38,
1611 3662 1664 3713 1:

491 3760 644 3813 „nox
673 3745 862 3813 gaudio
889 3745 1190 3815 praedaque
1219 3746 1418 3801 laeta“.
1449 3778 1516 3786 —-
1553 3746 1670 3800 sibi

490 3834 735 3903 quisque]
773 3834 1006 3887 namlich
1051 3834 1135 3887 die
1171 3834 1560 3889 Befehlshaber
1609 3836 1666 3888 in

489 3921 593 3975 den
619 3922 786 3975 Forte.
818 3954 886 3961 —
913 3922 1133 3992 irritus]
1160 3923 1216 3975 in
1244 3924 1472 3977 aktivem
1503 3924 1666 3979 Sinne

491 4012 778 4078 „umso'nst
825 4010 1137 4080 kampfend,
1193 4002 1370 4066 nichts
1426 4014 1664 4068 ausrich-

488 4100 677 4153 tend“.
743 4099 954 4155 Tacitus
993 4103 1109 4169 sagt
1144 4101 1278 4154 auch
1315 4101 1544 4155 irritum
1580 4120 1673 4183 re-¹

487 4188 636 4255 verti‚
675 4188 954 4243 discedere.

569 4291 586 4329 ι
607 4290 646 4355 ¹.·
677 4279 934 4347 pensare]
954 4280 1084 4332 statt
1101 4278 1196 4332 des
1219 4277 1666 4347 gebrauchlichen

487 4380 752 4433 compens.
769 4396 839 4405 —
858 4366 1037 4436 iuxta]
1060 4406 1092 4435 ,,
1103 4366 1160 4419 in
1175 4367 1411 4436 gleicher
1419 4368 1601 4423 Weise
1614 4372 1664 4439 “,

487 4492 523 4523 ,,
537 4449 968 4523 gleichniiissig“.
1021 4485 1091 4497 —-
1141 4457 1356 4528 avidus]
1421 4458 1664 4527 pradika-

672 1982 916 2062 Quarta
965 1985 1178 2048 aestas
1226 1982 1581 2048 obtinendis
1632 2002 1793 2068 quae
1838 1985 2323 2067 percucurrerat
2365 1984 2725 2067 insumpta;
2778 2003 2872 2048 ac
2928 1983 2993 2046 si

1774 2230 1913 2285 tives
1948 2230 2318 2300 Adjectivum‚
2356 2230 2461 2299 vgl.
2499 2230 2633 2299 Kap.
2662 2232 2751 2296 20,
2790 2233 2853 2286 4.
2904 2262 2987 2270 —

1774 2319 2112 2389 intercipere]
2178 2319 2340 2387 „sich
2374 2319 2809 2372 widerrechtlich
2868 2337 2983 2372 an-

1774 2408 2025 2477 eignen“.
2058 2441 2125 2448 —
2163 2409 2424 2478 centurio]
2455 2408 2755 2477 leyionum;
2789 2426 2983 2478 prae-

1771 2498 1941 2566 fectus
1978 2497 2278 2552 cohortium
2314 2497 2701 2551 auxiliarium.

1853 2601 1930 2641 15.
1969 2588 2331 2657 iniucundus]
2368 2603 2476 2641 von
2503 2588 2776 2641 Personen
2808 2605 2977 2656 „un-

1773 2676 2138 2744 freundlich“‚
2180 2676 2408 2744 „hart“.
2448 2708 2515 2715 —
2554 2676 2703 2730 nihil
2736 2694 2977 2746 supere-

1772 2771 1863 2820 rat
1896 2767 2176 2836 secretum]
2229 2765 2450 2833 „nichts
2498 2764 2639 2819 blieb
2683 2764 2981 2819 verstecki:

1775 2855 2037 2923 zuriick“‚
2077 2872 2181 2923 „er
2215 2857 2339 2925 trug
2372 2854 2525 2907 nicht
2558 2854 2633 2906 im
2669 2854 2971 2923 geheimen

1773 2945 1974 2998 nach“.
2014 2976 2083 2984 -
2135 2944 2369 3013 timeres]
2410 2960 2583 3011 „man
2618 2944 2765 2997 hatte
2801 2944 2973 2997 nicht

1774 3052 1841 3087 zu
1868 3033 2122 3088 fiirchten
2148 3033 2482 3099 brauchen“,
2520 3032 2833 3087 Potentialis
2856 3034 2975 3087 der

1773 3123 2233 3193 Vergangenheit,
2281 3123 2401 3177 hier
2436 3123 2696 3191 abhangig
2732 3138 2837 3175 von
2872 3128 2967 3189 ut,

1774 3212 1878 3282 vgl.
1916 3218 1977 3266 ut
2024 3254 2035 3265 .
2065 3254 2077 3265 .
2106 3254 2117 3265 .
2164 3212 2400 3265 ducerim
2436 3212 2569 3281 Kap.
2608 3214 2668 3279 3,
2708 3214 2791 3265 12.
2866 3212 2965 3265 Im

1776 3303 2069 3371 Gegensatz
2117 3303 2250 3355 dazu
2299 3300 2555 3355 schildert
2587 3300 2797 3356 Tacitus
2844 3301 2965 3355 den

1774 3392 2041 3445 Domitian
2078 3392 2211 3460 Kap.
2252 3394 2337 3447 39.
2376 3423 2444 3430 —
2484 3390 2585 3443 Die
2624 3390 2964 3459 Gegens'atze

1774 3480 2033 3549 offendere
2068 3481 2177 3533 und
2214 3480 2389 3534 odisse
2426 3479 2821 3533 allitterierend.

1848 3658 2000 3727 Kal).
2042 3659 2141 3716 23.
2181 3658 2504 3728 obtinendis]
2544 3658 2684 3711 Kein
2720 3658 2959 3711 Schrift-

1775 3747 1957 3801 steller
2011 3748 2302 3816 gebraucht
2355 3748 2460 3801 den
2506 3746 2665 3801 Dativ
2716 3747 2957 3801 Gerund.

1775 3852 1833 3889 so
1881 3835 2067 3905 haufig
2114 3837 2213 3890 wie
2262 3836 2499 3903 TacituS‚
2556 3837 2842 3890 bes'onders
2893 3836 2955 3889 in

1774 3926 1877 3978 den
1926 3926 2197 3993 Annalem
2249 3926 2408 3979 meist
2464 3942 2531 3979 an
2577 3925 2743 3979 Stelle
2803 3925 2958 3979 eines

1773 4014 2114 4069 Finalsatzes.
2167 4018 2292 4083 Agr.
2313 4018 2401 4083 31,
2423 4018 2516 4070 12:
2544 4014 2778 4084 „quibus
2794 4030 2953 4068 exer-

1776 4104 1959 4158 cendis
1996 4094 2378 4158 reservemur“
2416 4122 2467 4158 u.
2507 4104 2563 4157 Z.
2591 4104 2626 4159 5
2666 4102 2859 4171 „silvis
2888 4120 2957 4157 ac

1774 4191 2055 4260 paludibus
2091 4193 2395 4247 muniendis
2411 4196 2460 4247 “.
2500 4224 2568 4232 —
2602 4210 2954 4262 percucurre-

1772 4284 1881 4352 rat]
1902 4323 1933 4349 ,,
1944 4281 2209 4336 durcheilt
2221 4282 2365 4336 hatte
2379 4285 2410 4312 “
2423 4306 2435 4350 ;
2459 4282 2544 4335 die
2559 4281 2837 4335 schnellen
2850 4280 2957 4334 Er-

1775 4370 2081 4440 oberungen
2112 4371 2271 4425 sucht
2300 4388 2360 4425 er
2378 4371 2548 4425 durch
2568 4371 2765 4424 andere
2783 4370 2956 4423 Mafs-

1774 4459 1958 4529 regeln
1972 4460 2150 4514 sicher
2162 4461 2271 4513 und
2286 4460 2531 4515 bleibend
2548 4478 2617 4514 zu
2625 4460 2867 4513 machen.
2882 4491 2955 4499 —

3180 923 3229 1298 ᾗ
