3241 5118
1156 415 1418 486 Agricola.
1492 432 1537 470 c.
1575 418 1663 472 36.
1702 417 1787 472 3⁷.
2623 415 2697 476 53

249 579 602 661 agminibus
673 581 739 644 et
807 579 1249 661 inaequalibus
1325 578 1479 644 locis
1557 578 1945 653 haerebant:
2021 579 2410 662 minimeque
2492 599 2698 663 aequa
2723 599 2789 641 ιι

247 687 480 750 nostris
525 687 654 750 iam
701 705 956 770 pugnae
1001 685 1196 750 facies
1243 687 1414 762 erat,
1473 703 1620 750 cum
1680 703 1865 768 aegre
1922 685 2083 750 clivo
2142 686 2456 751 instantes
2504 688 2698 752 simul

247 809 554 873 equorum
601 793 963 877 corporibus
1009 792 1522 876 impellerentur3
1571 811 1647 856 ac
1693 811 1881 876 saepe
1932 793 2074 874 vagi
2120 812 2363 869 curruS‚
2411 795 2697 858 exterriti

247 897 378 962 sine
425 900 775 965 rectoribus
823 899 1000 981 equi,
1042 901 1118 963 ut
1166 917 1484 981 quemque
1525 898 1793 963 formido
1838 899 2093 977 tulerat,
2136 886 2535 964 transversos
2582 903 2697 965 aut

246 1005 457 1070 obvios
504 1006 932 1071 incursabant.

423 1113 509 1176 Et
552 1112 877 1190 Britanni,
936 1113 1046 1195 qui
1093 1111 1303 1176 adhuc
1345 1131 1597 1196 pugnae
1646 1115 1934 1196 expertes
1982 1131 2239 1177 summa
2282 1114 2540 1178 collium
2598 1114 2696 1178 in·
2715 1115 2805 1178 37

245 1218 543 1284 sederant
588 1221 654 1284 et
697 1220 1087 1302 paucitatem
1132 1221 1497 1283 nostrorum
1546 1220 1731 1284 vacui
1776 1221 2191 1303 spernebant,
2238 1220 2493 1302 degredi
2538 1239 2696 1304 pan·
2764 1249 2769 1254 ·

242 1325 427 1390 latim
473 1328 540 1390 et
585 1326 916 1391 circumire
957 1328 1140 1408 terga
1182 1326 1573 1391 vincentium
1613 1328 1969 1408 coeperant,
2014 1327 2082 1390 ui
2112 1326 2176 1390 id
2207 1327 2421 1410 ipsum
2454 1327 2694 1392 veritus

239 1433 535 1514 Agricola
581 1435 887 1515 quattuor
931 1433 1222 1514 equitum
1269 1433 1405 1497 alas
1422 1481 1438 1510 ,
1487 1433 1568 1497 ad
1617 1433 1831 1498 subita
1875 1434 2026 1497 belli
2071 1436 2355 1498 retentas
2374 1483 2389 1511 ,
2437 1434 2695 1499 venien-

241 1539 415 1604 tibus
462 1541 889 1623 opposuisset,
945 1543 1312 1622 quantoque
1359 1539 1630 1605 ferocius
1678 1543 2195 1616 accucurrerant,
2257 1542 2437 1604 tanto
2487 1541 2696 1605 acrius
2721 1559 2749 1598 s

239 1645 461 1727 pulsos
507 1646 574 1709 in
619 1645 840 1728 fugam
885 1646 1254 1711 disiecisset.
1343 1645 1446 1710 Ita
1501 1647 1837 1711 consilium
1881 1646 2340 1710 Britannorum
2400 1647 2466 1710 in
2525 1648 2695 1730 ipsos

243 1771 529 1830 versum,
587 1754 1112 1835 transvectaeque
1169 1756 1506 1836 praecepto
1552 1753 1731 1818 ducis
1779 1771 1818 1817 a
1848 1752 2052 1818 fronte
2082 1753 2509 1836 pugnantium
2557 1753 2696 1818 alae

241 1876 535 1923 aversam
601 1860 885 1924 hostium
955 1860 1156 1924 aciem
1223 1860 1529 1924 invasere.

1635 1861 1801 1924 Tum
1869 1879 2017 1924 vero
2085 1861 2457 1943 patentibus
2542 1861 2696 1926 locis

169 1952 176 1960 ’
240 1964 483 2046 grande
530 1967 597 2030 et
643 1968 823 2030 atrox
868 1967 1331 2050 spectaculum:
1382 1967 1581 2049 sequi,
1627 1967 1980 2044 vulnerare,
2028 1985 2268 2050 capere,
2316 1971 2509 2048 atque
2558 1986 2697 2032 eos-

241 2071 390 2135 dem
439 2072 669 2136 oblatis
717 2073 857 2137 aliis
903 2073 1239 2139 trucidare.
1329 2073 1472 2137 Iam
1516 2075 1829 2151 hostium,
1872 2078 2064 2157 prout
2109 2075 2337 2155 cuique
2368 2075 2697 2155 ingenium
2724 2090 2789 2132 ιο

240 2182 400 2254 erat,
446 2182 735 2243 catervae
784 2183 1177 2244 armatorum
1222 2181 1624 2263 paucioribus
1670 2185 1853 2261 terga
1897 2184 2241 2263 praestare,
2298 2181 2561 2261 quidam
2601 2181 2697 2244 in-

239 2303 450 2349 ermes
497 2286 665 2349 ultro
711 2305 895 2351 ruere
943 2305 1017 2351 ac
1065 2306 1130 2351 se
1177 2287 1368 2351 morti
1431 2285 1671 2351 offerre.
1762 2287 2012 2351 Passim
2074 2305 2253 2350 arma
2311 2291 2379 2351 et
2433 2306 2697 2371 corpora

240 2393 306 2456 et
351 2392 549 2456 laceri
595 2395 774 2458 artus
821 2397 887 2459 et
934 2396 1198 2458 cruenta
1243 2395 1517 2468 humus:
1580 2396 1647 2459 et
1706 2394 2046 2476 aliqnando
2109 2395 2303 2458 etiam
2360 2393 2543 2458 victis
2600 2395 2697 2458 ira

317 2672 336 2711 ι
353 2672 402 2711 5.
451 2658 686 2728 haerere]
733 2660 1016 2713 verbindet
1063 2660 1274 2713 Tacitus
1319 2660 1418 2713 mit

236 2746 404 2799 Dativ
441 2747 549 2799 und
586 2747 827 2815 Ablativ3
876 2748 996 2801 hier
1034 2774 1097 2793 ε.-
1137 2748 1413 2818 impediri,

237 2834 352 2889 also
403 2835 544 2889 wohl
583 2835 702 2889 Abl.
758 2867 829 2875 —
882 2838 1214 2907 inaequalis]
1266 2854 1414 2904 „un-

239 2924 380 2978 eben
397 2928 458 2991 “3
497 2923 681 2976 Horat.
721 2923 895 2978 Oarm.
932 2925 1004 2991 Π,
1025 2928 1075 2991 9,
1096 2927 1157 2979 3:
1197 2924 1412 2993 „inaeq.

235 3012 506 3082 procellae
521 3014 552 3041 “
589 3012 700 3065 und
739 3011 832 3080 Ep.
859 3012 904 3079 I,
939 3016 984 3079 1,
1015 3014 1109 3068 94:
1150 3013 1266 3079 „in.
1295 3015 1415 3066 ton·

236 3105 371 3157 soi-‘⁶
409 3102 463 3154 in
502 3100 733 3155 aktivem
773 3100 952 3155 Sinne.
989 3131 1059 3141 —
1094 3101 1217 3155 sine
1249 3107 1414 3155 recto-

235 3191 417 3258 ribus]
468 3189 810 3260 (Stellungi);
863 3194 1001 3245 Ann.
1039 3191 1084 3259 Ι,
1124 3192 1220 3246 65:
1270 3207 1412 3258 „ex-

238 3278 410 3333 cussis
428 3279 721 3333 rectoribus
733 3283 781 3332 “.
801 3311 872 3319 -
900 3281 1251 3351 trans-versos]
1274 3297 1414 3348 „von

237 3369 338 3422 der
381 3366 588 3435 Seite“,
634 3368 811 3423 obvios
863 3386 1014 3437 „von
1061 3385 1194 3423 vom
1207 3374 1262 3438 “3
1319 3371 1416 3423 der

238 3456 438 3511 Riimer
490 3457 618 3525 geht
671 3457 756 3511 bei
809 3457 984 3512 dieser
1035 3458 1415 3528 Bezeichnung

239 3561 348 3599 von
384 3546 611 3599 anderer
644 3546 1007 3616 Anschauung
1043 3563 1153 3601 aus.

313 3722 466 3790 Kal).
497 3723 592 3781 87.
665 3724 852 3793 vacue]
880 3724 1000 3792 Vgl.
1030 3725 1168 3778 Hist.
1198 3724 1293 3791 IV,
1317 3726 1410 3780 17:

242 3810 506 3879 „proinde
561 3811 861 3881 arriperent
908 3812 1065 3867 vacui
1112 3816 1411 3882 occupatoS,

237 3899 432 3967 integri
468 3900 699 3969 fessos“,
738 3900 848 3955 also
887 3926 952 3945 -——
991 3902 1189 3968 labore,
1220 3919 1414 3971 puyna

238 3988 403 4041 vacui
411 4029 426 4055 ,
477 3990 702 4043 anderer
737 3990 1030 4059 Gegensatz
1069 3991 1196 4045 Hor.
1237 3990 1410 4046 Carm.

239 4077 284 4144 Ι,
305 4080 355 4145 6,
378 4080 474 4133 19:
513 4117 546 4145 „
563 4077 718 4131 vacui
746 4078 858 4133 sive
887 4080 1012 4149 quid
1047 4080 1259 4133 urimur
1273 4084 1321 4133 “.
1343 4112 1412 4121 —

239 4171 532 4235 coeperant,
571 4166 658 4236 m]
697 4166 818 4236 Vgl.
856 4168 990 4237 Kap.
1031 4171 1115 4236 13,
1153 4170 1216 4225 9:
1257 4168 1414 4237 „agi-

240 4256 405 4322 tasse,
457 4254 574 4308 ni“.
625 4286 694 4295 —
741 4256 924 4309 subita
971 4256 1123 4327 belli]
1175 4256 1410 4326 „spietz-

240 4342 400 4413 liche)
472 4346 828 4398 unerwartete
891 4345 1244 4414 Wendungen
1317 4346 1412 4399 des

235 4432 556 4502 Kampfes'·‘.

1600 2676 1646 2715 ι.
1685 2661 1931 2730 disicere]
1985 2660 2081 2714 mit
2127 2660 2194 2713 in
2226 2660 2421 2729 fuqam
2468 2678 2536 2713 zu
2574 2676 2697 2714 ver-

1525 2748 1740 2816 binden,
1780 2750 1877 2816 „in
1914 2749 1999 2802 dic
2036 2748 2229 2802 Fluoht
2264 2752 2596 2816 sprengen“.
2626 2779 2697 2787 —

1522 2838 1969 2904 transvectaeque]
2052 2836 2205 2889 Auch
2275 2837 2369 2889 das
2441 2837 2699 2889 deutsche

1524 2924 1677 2991 „und
1690 2928 1721 2954 “
1758 2924 1891 2976 wird
1928 2924 1982 2975 in
2013 2923 2387 2991 explikativem
2416 2924 2579 2977 Sinne
2603 2941 2696 2992 ge·

1523 3012 1749 3066 braucht
1804 3036 1865 3058 =
1920 3011 2196 3078 „namlich
2210 3015 2258 3065 “.
2316 3044 2383 3051 —
2448 3030 2699 3066 aoersam

1521 3101 1719 3171 aciem]
1774 3100 2010 3155 Variatio
2064 3103 2193 3155 statt
2244 3119 2283 3154 a
2336 3106 2501 3170 terqo,
2559 3102 2695 3156 oben

1522 3194 1672 3259 terya
1718 3190 2067 3244 vincentium.
2142 3190 2261 3259 Vgl.
2301 3191 2433 3259 Kap.
2472 3192 2560 3257 36,
2599 3194 2697 3247 18:

1523 3281 1900 3346 „transversos
1915 3283 1963 3333 “.
2026 3280 2237 3334 Tacitus
2273 3281 2367 3334 hat
2402 3280 2486 3333 die
2524 3279 2697 3334 Schil-

1521 3368 1729 3437 derung
1790 3370 1889 3422 der
1939 3368 2191 3422 Schlacht
2252 3368 2338 3422 bei
2399 3369 2544 3423 Cirta
2604 3369 2698 3422 be-

1521 3460 1689 3525 nutzt,
1728 3458 1854 3512 Sall.
1884 3458 2000 3526 Ing.
2032 3460 2161 3513 101:
2202 3459 2569 3525 „postremam
2589 3458 2697 3511 Ro-

1521 3562 1801 3599 manorum
1846 3546 2014 3600 aciem
2068 3546 2341 3599 invadunt.
2384 3586 2395 3597 .
2429 3586 2441 3598 .
2476 3586 2487 3597 .
2561 3546 2697 3599 Tum

1521 3634 1883 3703 spectaculum
1910 3634 2161 3688 horribile
2188 3634 2245 3687 in
2273 3634 2472 3702 campis
2508 3637 2697 3703 paten-

1520 3722 1687 3776 tibus:
1739 3723 1913 3793 sequi,
1963 3724 2151 3791 fugere
2165 3764 2178 3789 ,
2216 3722 2385 3776 occidi
2400 3764 2413 3790 ,
2452 3722 2568 3791 capi
2607 3764 2619 3776 .
2643 3764 2654 3775 .
2679 3764 2695 3776 .

1522 3812 1699 3865 omnia
1772 3814 2038 3866 constrata
2112 3811 2233 3865 telis
2306 3812 2467 3865 armis
2538 3813 2699 3866 cada-

1521 3901 1738 3955 veribus
1803 3903 1859 3954 et
1918 3900 2059 3954 inter
2120 3916 2184 3954 ea
2241 3901 2435 3954 humus
2494 3900 2701 3955 infecta

1521 3989 1839 4059 sanguine“.
2345 4036 2351 4041 ,

1602 4093 1679 4134 ιο.
1718 4080 1949 4148 caterva]
1987 4078 2172 4148 haufig
2206 4095 2310 4131 von
2337 4078 2694 4148 Abteilungen

1520 4169 1618 4222 der
1653 4168 1923 4222 Bai-baren
1961 4167 2281 4237 gebraucht,
2332 4168 2417 4220 die
2455 4168 2603 4220 nicht
2638 4167 2697 4219 in

1521 4256 1657 4309 Reih
1681 4257 1789 4309 und
1818 4256 1970 4310 Glied
2008 4256 2212 4310 stehen.
2250 4288 2318 4295 —
2356 4261 2504 4324 terya
2531 4272 2697 4324 prac-

1519 4347 1684 4413 starc]
1722 4345 2015 4399 vereinzelt
2048 4346 2177 4398 statt
2210 4350 2246 4397 t.
2274 4344 2419 4397 dare.
2449 4376 2517 4383 —
2553 4344 2699 4397 ultro

1519 4434 1697 4503 maere]
1727 4450 1895 4501 „zum
1914 4432 2132 4501 Angrifi
2148 4432 2533 4486 losstiirmen“.
2571 4431 2694 4501 Vgl.
