3241 5118
1247 383 1509 452 Agricola.
1585 400 1631 438 e.
1668 384 1757 440 32.
1794 384 1880 438 33.
2726 383 2801 442 49

339 550 537 630 atque
597 565 787 631 opera
844 548 1066 613 nostra
1121 546 1527 611 Britanniam
1589 546 1850 612 vicistis.

1940 545 2063 609 Tot
2114 545 2613 628 expeditionibus
2629 594 2644 623 ,
2702 546 2802 610 tot
2883 583 2893 590 -

335 655 596 738 proeliis
613 703 628 732 ,
694 673 807 718 seu
866 653 1239 718 fortitudine
1301 652 1606 718 adversus
1662 653 1880 717 hostes
1940 671 2054 716 seu
2112 652 2423 735 patientia
2470 671 2543 717 ae
2585 654 2799 718 labore

333 780 542 845 paene
591 761 897 826 adversus
943 762 1150 844 ipsam
1196 777 1414 824 rerum
1455 761 1760 824 naturam
1808 777 1965 842 opus
2012 759 2164 836 fuit,
2221 778 2428 841 neque
2484 778 2589 824 me
2634 760 2803 824 mili·

335 871 486 932 tum
530 886 738 949 neque
785 886 896 932 vos
941 867 1120 932 dueis
1165 867 1498 950 paenituit.
1585 866 1755 949 Ergo
1802 867 2074 948 egressi,
2135 879 2247 948 ego
2296 868 2583 931 veterum
2629 867 2804 948 lega·
2828 890 2889 932 10

335 977 558 1040 torum
580 1023 596 1052 ,
653 994 764 1039 vos
810 975 1094 1057 priorum
1139 973 1530 1039 exercituum
1592 974 1899 1038 terminos
1916 1021 1931 1051 ,
1990 973 2183 1038 finem
2240 973 2612 1038 Britanniae
2675 992 2803 1037 non

335 1081 516 1146 fama
572 1100 690 1146 nee
749 1099 1002 1145 rumore
1019 1129 1034 1158 ,
1103 1080 1214 1146 sed
1273 1081 1502 1146 eastris
1563 1083 1631 1145 et
1688 1081 1883 1144 armis
1945 1082 2273 1146 tenemus:
2308 1080 2602 1149 ,inventa
2658 1079 2803 1143 Bri-

338 1190 570 1254 tannia
615 1191 682 1253 et
727 1189 1012 1253 subacta.
1099 1187 1416 1269 Equidem
1462 1205 1651 1271 saepe
1698 1187 1764 1251 in
1825 1187 2104 1269 agmine,
2160 1205 2307 1252 enm
2364 1205 2475 1252 vos
2534 1185 2800 1270 paludes

333 1298 673 1360 montesve
721 1298 787 1360 et
843 1295 1111 1359 fiumina
1170 1293 1545 1375 fatigarent,
1611 1292 1941 1358 fortissimi
2001 1295 2309 1376 cuiusque
2355 1311 2540 1358 voees
2590 1293 2803 1358 audie—

335 1404 530 1467 bam:
579 1402 876 1484 „quando
924 1401 1180 1466 dabitur
1224 1401 1445 1478 hostis,
1494 1400 1746 1482 quando
1779 1400 2035 1464 aeies?“
2108 1400 2411 1479 Veniunt,
2462 1420 2495 1464 e
2539 1401 2802 1465 latebris
2829 1422 2889 1464 ιι

339 1510 481 1574 suis
529 1509 788 1586 extrusi,
835 1511 902 1572 et
946 1510 1096 1572 vota
1140 1509 1472 1590 virtusque
1519 1509 1586 1571 in
1634 1510 1870 1590 aperto.
1962 1505 2319 1590 Omniaque
2365 1526 2565 1591 prona
2609 1509 2804 1573 vieto—

337 1616 522 1680 ribus
587 1601 780 1698 atqn'e
852 1614 1076 1679 eadem
1143 1615 1328 1679 vietis
1390 1614 1675 1679 adversa.
1765 1613 1934 1678 Nam
2002 1615 2077 1678 ut
2146 1633 2479 1696 superasse
2546 1616 2805 1679 tantum

329 1723 619 1801 itineris,
667 1723 861 1786 silvas
908 1723 1184 1787 evasisse
1207 1770 1222 1798 ,
1267 1722 1576 1787 transisse
1628 1721 1950 1786 aestuaria
1994 1721 2335 1804 pulchrum
2382 1739 2457 1785 ae
2504 1721 2806 1786 deeornm

344 1831 419 1892 in
463 1828 756 1906 frontem,
801 1829 896 1892 ita
941 1828 1332 1910 fugientibus
1377 1827 1915 1911 periculosissima
1962 1846 2125 1909 quae
2165 1827 2349 1892 hodie
2379 1828 2807 1912 prosperrima

344 1941 538 2010 sunt;
599 1955 806 2017 neque
855 1936 1026 2000 enim
1070 1936 1250 1999 nobis
1297 1937 1413 1999 aut
1457 1935 1742 1999 locorum
1789 1934 2012 1999 eadem
2057 1936 2285 1999 notitia
2330 1937 2446 1999 ant
2491 1954 2808 2000 commea·
2828 1954 2894 1997 πο

333 2047 531 2106 tuum
579 2043 805 2107 eadem
863 2043 1289 2118 abundantia,
1353 2041 1465 2106 sed
1519 2029 1751 2106 manus
1812 2045 1878 2106 et
1926 2060 2105 2106 arma
2164 2045 2231 2106 et
2288 2043 2355 2105 in
2414 2042 2516 2106 his
2576 2043 2805 2107 omnia.

347 2148 533 2228 Quod
580 2150 661 2213 ad
705 2168 808 2214 me
856 2151 1120 2224 attinet,
1175 2150 1304 2212 iam
1350 2149 1597 2232 pridem
1640 2149 1801 2212 mihi
1848 2148 2174 2213 decretum
2221 2152 2320 2213 est
2377 2168 2586 2230 neque
2634 2169 2807 2214 exer-

337 2257 508 2320 eitus
553 2275 761 2338 neque
810 2256 988 2321 dueis
1035 2259 1218 2338 terga
1263 2258 1408 2319 tuta
1455 2273 1613 2320 esse.
1689 2255 1960 2319 Proinde
2009 2259 2075 2319 et
2117 2255 2388 2319 honesta
2426 2275 2599 2320 mors
2630 2257 2807 2340 turpi

349 2364 484 2427 vita
528 2364 762 2446 potior,
822 2365 888 2428 et
933 2363 1338 2428 ineolumitas
1403 2381 1475 2426 ae
1536 2361 1728 2426 decus
1790 2362 2009 2426 eodem
2069 2362 2205 2426 loeo
2264 2363 2387 2426 sita
2448 2365 2631 2438 sunt3
2690 2383 2810 2428 nee

343 2471 693 2552 inglorium
737 2471 932 2534 fuerit
977 2471 1040 2533 in
1089 2470 1225 2552 ipso
1272 2471 1595 2534 terrarum
1642 2487 1715 2534 ae
1759 2471 2027 2533 naturae
2073 2469 2197 2534 fine
2246 2470 2599 2535 cecidisse.“
2688 2559 2693 2563 ι

353 2718 541 2786 haufig
589 2718 688 2770 mit
727 2718 890 2785 fides:
939 2734 1098 2771 amor
1133 2722 1180 2771 et
1213 2718 1337 2785 fid„
1387 2718 1428 2785 f.
1479 2722 1528 2769 et

341 2806 682 2872 eon-stantia,
745 2806 940 2859 virtute
985 2812 1035 2859 et
1080 2808 1122 2874 f.
1173 2822 1224 2859 u.
1265 2805 1407 2859 ahnl.
1457 2836 1524 2844 —-

345 2896 581 2965 vicistis]
648 2934 679 2960 „
695 2893 954 2961 siegreieh
1009 2894 1284 2961 bekampft
1335 2894 1464 2948 habt
1473 2897 1524 2948 -“.

347 2985 528 3039 Germ.
555 2984 644 3050 37,
670 2984 762 3037 10:
793 2982 1040 3049 „tamdiu
1060 2982 1336 3052 (ducentos
1354 2984 1529 3037 ferme

351 3076 409 3127 et
424 3073 610 3127 decem
629 3072 816 3140 annos)
842 3070 1126 3125 Germania
1143 3070 1378 3125 vincitur
1391 3074 1438 3124 “.
1462 3104 1531 3112 -

351 3164 560 3232 ipsam]
618 3202 649 3229 „
665 3178 818 3231 sogar
831 3164 880 3214 “.
937 3192 1006 3200 —-
1067 3178 1251 3215 rerum
1304 3167 1531 3245 namra]

348 3252 464 3305 Der
513 3251 713 3320 Kampf
765 3266 935 3319 gegen
985 3250 1071 3304 die
1121 3250 1404 3305 Elemente
1460 3250 1532 3305 ist

353 3341 488 3409 Kap.
527 3342 622 3407 25,
669 3344 732 3395 8:
792 3341 994 3407 „modo
1044 3342 1420 3409 tempestatum
1468 3356 1530 3394 ae

349 3430 618 3483 fluctuum
648 3429 868 3484 adversa
881 3432 942 3497 “3
979 3430 1112 3498 Καρ.
1141 3432 1228 3497 22,
1257 3433 1316 3485 3:
1357 3446 1528 3497 „eon-

349 3518 620 3571 flietatum
649 3518 822 3572 saevis
841 3518 1244 3587 tempestatibus
1269 3520 1528 3573 exercit.“

351 3607 692 3675 angedeutet,
744 3606 832 3660 die
879 3604 1230 3661 Hindernisse
1279 3608 1374 3661 des
1423 3608 1526 3661 Ge-

349 3694 535 3749 landes
574 3696 627 3748 Z.
668 3697 752 3762 13,
795 3696 945 3749 1751.

355 3826 360 3832 .
429 3798 506 3838 ιο.
545 3800 658 3837 non
686 3784 927 3853 paenitet
953 3785 1058 3853 me]
1098 3784 1228 3851 „ieh
1252 3784 1392 3837 kann
1432 3801 1526 3837 zu·

347 3872 558 3925 frieden
587 3872 760 3927 sein“.
796 3903 856 3912 —
898 3872 1139 3941 inventa]
1174 3872 1524 3926 Rhetorische

346 3951 773 4029 &bertreibung3
819 3960 971 4015 nieht
1005 3958 1319 4015 Britannien
1364 3960 1523 4015 iiber-

347 4049 516 4117 haupt
541 4050 723 4103 wurde
751 4049 923 4103 durch
948 4035 1074 4119 Agr.
1105 4050 1370 4117 entdeekt,
1399 4066 1522 4103 son·

349 4140 482 4191 dern
511 4138 628 4191 sein
656 4139 1096 4208 Gesamtumfang
1123 4140 1276 4209 (Kap.
1301 4142 1383 4207 10,
1417 4134 1521 4208 13).

351 4260 358 4265 -
417 4232 501 4281 ζιο.
551 4228 788 4297 eximo-si]
845 4228 1004 4281 Denn
1051 4228 1201 4282 nieht
1253 4228 1524 4297 ireiwiflig

345 4316 527 4385 wage'n
604 4316 681 4370 sie
755 4316 869 4370 sich
941 4334 1064 4371 zum
1136 4317 1366 4385 Kampfe
1453 4334 1521 4371 zu

345 4404 557 4459 stellen.
597 4430 665 4445 -ι
715 4407 916 4479 votum]
969 4447 1000 4474 „
1015 4406 1126 4459 Der
1161 4403 1404 4459 Wunse'h
1452 4406 1523 4459 ist

1639 2718 1825 2770 ers-iillt
1840 2758 1853 2784 ,
1928 2717 2014 2770 die
2081 2718 2411 2786 Tfiehtigkeit
2472 2719 2567 2773 hat
2636 2720 2813 2773 freien

1636 2805 1933 2873 Spielraum
1950 2808 1998 2858 “.
2038 2836 2105 2843 -
2142 2806 2376 2874 evadere]
2414 2807 2545 2859 wird
2582 2823 2688 2860 von
2714 2808 2813 2864 Ta-

1640 2892 1777 2945 citus
1822 2893 1898 2945 im
1943 2892 2299 2959 eigentliehen
2347 2895 2457 2946 und
2504 2894 2812 2964 iibertrage-

1631 2996 1747 3032 nen
1810 2978 1973 3033 Sinne
2048 2980 2148 3033 mit
2209 2982 2399 3035 Aecus.
2472 2982 2811 3053 verbunden}

1640 3070 1821 3137 eyredi
1856 3086 1899 3123 e.
1938 3072 2127 3123 Aecus
2166 3070 2267 3125 wie
2304 3071 2439 3125 oben
2475 3072 2677 3140 eyressi
2710 3058 2812 3126 ter'-

1638 3158 1821 3213 minos
1840 3158 1933 3213 hat
1959 3158 2123 3213 sehon
2144 3159 2319 3216 Casar.
2359 3192 2425 3201 -
2465 3160 2531 3214 in
2559 3160 2812 3231 frontem]

1644 3249 1735 3317 (se.
1773 3249 2073 3318 mreitus),
2113 3250 2407 3319 Gegensatz
2446 3269 2515 3305 zu
2549 3250 2813 3320 fugienti-

1641 3336 1766 3404 bus,
1805 3348 1930 3391 man
1968 3340 2216 3393 erwartet
2253 3339 2339 3393 ein
2375 3339 2607 3408 Partieip
2622 3381 2635 3407 ,
2676 3342 2816 3393 etwa

1632 3428 2101 3496 proyredie‘ntibm
2138 3428 2270 3497 (also
2306 3422 2579 3497 variatio).

1708 3527 1795 3571 20.
1824 3516 1891 3569 in
1903 3516 1993 3570 his
2011 3517 2223 3585 omnia]
2242 3516 2477 3570 namlieh
2490 3516 2614 3580 sita,
2626 3517 2815 3585 pos-ita

1638 3610 1781 3658 sunt.
1822 3638 1889 3645 —
1926 3606 2076 3658 mihi
2099 3606 2366 3659 decretum
2392 3606 2486 3674 est]
2518 3605 2648 3673 „ich
2675 3605 2813 3660 habe

1637 3692 1722 3747 die
1732 3685 2129 3763 Uberzeugung'
2141 3708 2435 3763 gewonnen
2447 3697 2495 3762 “,
2517 3735 2548 3762 ,,
2560 3694 2653 3747 fiir
2668 3694 2814 3747 mich

1632 3783 1781 3837 steht
1816 3800 1875 3837 es
1924 3784 2106 3851 fest“;
2160 3783 2265 3852 vgl.
2296 3782 2423 3852 Spr.
2460 3783 2612 3837 Bem.
2653 3785 2703 3838 1.
2742 3816 2811 3824 —

1631 3871 1881 3944 proinde]
1938 3872 2058 3925 hier
2110 3872 2461 3927 verschieden
2515 3890 2622 3927 von
2677 3874 2813 3943 Kap.

1636 3962 1723 4029 32,
1752 3964 1839 4017 23.
1896 3961 2077 4015 Davor
2113 3962 2194 4016 ist-
2218 3961 2307 4015 ein'
2334 3962 2587 4017 Gedanke
2624 3980 2691 4016 zu
2728 3979 2815 4016 er·—

1634 4056 1853 4119 ganzen.
1894 4082 1962 4092 —
1998 4052 2177 4105 eodem
2213 4052 2323 4106 loeo
2358 4053 2471 4107 sita
2505 4054 2654 4121 sunt]
2692 4048 2815 4106 sind

1635 4153 1704 4193 an
1731 4140 2013 4194 derselben
2040 4140 2204 4195 Stelle
2233 4158 2299 4194 zu
2327 4140 2529 4209 finden,
2570 4140 2815 4209 zugleieh

1636 4246 1704 4282 zu
1721 4229 2019 4298 gewinnen.
2038 4267 2105 4275 —
2124 4246 2221 4283 neo
2240 4229 2562 4298 inglorium]
2582 4227 2810 4282 Litotes!

1710 4330 1792 4373 2⁶.
1832 4318 1899 4371 in
1932 4318 2047 4387 fine
2080 4319 2334 4387 naturae]
2372 4306 2441 4371 so
2472 4316 2603 4371 wird
2632 4318 2809 4370 Germ.

1636 4408 1709 4462 45
1744 4406 1839 4460 das
1875 4406 2025 4464 Meet
2061 4406 2299 4464 nordlieh
2336 4406 2431 4460 der
2467 4405 2691 4460 Suiones
2726 4404 2813 4459 die

2831 2487 2895 2530 25
