3241 5118
1222 421 1484 492 Agricola.
1559 439 1605 478 c.
1646 425 1874 481 14—16.
2706 425 2777 485 27

309 587 696 668 plerumque
757 586 824 650 et
880 585 1244 650 imbellibus
1311 585 1471 669 eripi
1531 585 1778 664 domos,
1847 586 2136 652 abstrahi
2203 587 2461 667 liberos,
2529 589 2776 672 iniungi
2804 609 2871 652 ιο

315 693 590 758 dilectus
610 740 625 770 ,
685 693 1018 773 tamquam
1063 692 1226 756 mori
1270 693 1524 757 tantum
1576 711 1691 776 pro
1748 693 1959 777 patria
2019 694 2468 760 nescientibus.

2561 694 2776 774 Quan-

311 799 533 864 tulum
577 799 748 863 enim
792 799 1100 863 transisse
1155 799 1465 876 militum,
1523 799 1579 863 si
1638 817 1776 864 sese
1821 799 2117 864 Britanni
2180 803 2567 866 numerent?
2660 801 2767 868 Sic

315 904 698 970 Germanias
757 906 1108 970 excussisse
1165 906 1422 986 iugum:
1494 906 1560 970 et
1626 905 1921 983 flumine,
1987 925 2117 971 non
2185 906 2434 974 Oceano
2504 908 2773 974 defendi.

315 1011 456 1078 Sibi
500 1013 773 1096 patriam
819 1013 1117 1095 coniuges
1161 1014 1485 1095 parentes,
1543 1013 1672 1078 illis
1733 1013 2067 1078 avaritiam
2123 1016 2190 1078 et
2248 1014 2569 1079 luxuriam
2616 1034 2769 1080 cau-

315 1137 426 1184 sas
473 1119 621 1184 belli
667 1137 824 1184 esse.
913 1119 1317 1197 Recessuros‚
1363 1121 1440 1183 ut
1485 1119 1668 1184 divus
1713 1120 1919 1185 Iulius
1966 1121 2352 1198 recessisset,
2406 1121 2596 1186 modo
2642 1122 2769 1187 vir-
2800 1141 2865 1184 ιι

313 1227 528 1290 tutem
583 1226 900 1290 maiorum
957 1245 1221 1290 suorum
1282 1227 1775 1292 aemularentur.
1866 1227 2042 1292 Neve
2102 1228 2323 1310 proelii
2390 1229 2582 1294 unius
2652 1231 2771 1294 aut

317 1332 585 1397 alterius
655 1335 887 1398 eventu
953 1335 1398 1417 pavescerent:
1468 1334 1614 1417 plus
1683 1333 1962 1417 impetus
2029 1334 2155 1399 illis
2172 1384 2188 1413 ,

2250 1336 2557 1400 maiorem
2624 1354 2773 1400 con-

317 1440 628 1505 stantiam
671 1459 866 1524 penes
913 1440 1180 1505 miseros
1227 1459 1384 1506 esse.
1473 1440 1617 1505 Iam
1675 1440 2131 1505 Britannorum
2190 1443 2386 1507 etiam
2442 1442 2593 1507 deos
2654 1443 2776 1506 mi-

317 1547 543 1625 sereri,
613 1547 724 1628 qui
780 1547 1143 1612 Romanum
1203 1547 1431 1612 ducem
1492 1547 1851 1625 absentem,
1922 1548 2032 1629 qui
2090 1548 2445 1630 relegatum
2510 1549 2579 1612 in
2647 1549 2776 1614 alia

315 1653 531 1717 insula
577 1654 922 1718 exercitum
969 1653 1362 1729 detinerent3
1421 1654 1552 1718 iam
1594 1654 1798 1737 ip808‚
1855 1654 2024 1736 quod
2070 1653 2516 1720 difficillimum
2563 1655 2774 1733 fuerit,
2798 1673 2863 1716 20

317 1759 686 1824 deliberare.
775 1759 972 1824 Porro
1016 1761 1084 1824 in
1133 1761 1268 1824 eius
1313 1760 1486 1825 modi
1532 1760 1814 1826 consiliis
1874 1760 2289 1844 periculosius
2351 1781 2490 1828 esse
2554 1763 2777 1847 depre-

313 1867 513 1931 hendi
560 1885 754 1949 quam
801 1866 1054 1932 audere.

497 1973 616 2037 His
665 1975 856 2055 atque
905 1974 1142 2038 talibus
1187 1974 1256 2038 in
1301 1974 1504 2039 vicem
1549 1974 1868 2053 instincti,
1925 1974 2246 2041 Boudicca
2306 1977 2554 2059 generis
2615 1977 2775 2060 regii
2795 1976 2886 2039 16

314 2079 557 2144 femina
603 2080 762 2144 duce
801 2080 1032 2164 (neque
1083 2081 1255 2145 enim
1301 2099 1524 2145 sexum
1567 2081 1636 2144 in
1680 2081 1964 2164 imperiis
2011 2082 2405 2167 discernunt)
2443 2103 2772 2168 sumpsere

314 2186 599 2250 universi
657 2187 930 2262 bellum;
993 2206 1066 2252 ac
1124 2205 1376 2271 sparsos
1433 2206 1548 2270 per
1602 2189 1867 2253 castella
1924 2189 2162 2254 milites
2222 2190 2600 2269 consectati,
2669 2209 2774 2256 ex-

311 2402 368 2450 et
400 2396 636 2450 imbelks
681 2398 756 2466 (ei
788 2398 890 2466 qui
922 2398 1072 2452 bellis
1107 2398 1359 2452 interesse
1392 2415 1490 2452 no-

313 2487 440 2540 lunt
474 2491 572 2540 aut
607 2486 862 2541 interesse
895 2504 1007 2541 non
1035 2489 1302 2556 possunt).
1367 2487 1488 2557 Vgl.

315 2576 496 2630 Germ.
537 2578 621 2647 12,
659 2580 718 2633 3:
770 2577 1032 2646 „ignavos
1069 2580 1124 2632 et
1157 2578 1400 2632 imbelles
1437 2580 1494 2633 et

314 2680 538 2733 corpore
573 2666 803 2720 infames
833 2682 996 2721 caeno
1033 2683 1095 2721 ac
1121 2667 1314 2736 palude
1349 2684 1492 2721 mer-

312 2756 512 2823 gunt“.

399 2856 475 2897 ιο.
533 2845 836 2913 tamquam]
893 2844 996 2913 vgl.
1050 2845 1187 2899 oben
1237 2845 1292 2898 Z.
1329 2847 1380 2901 3.
1419 2877 1489 2886 —

311 2936 534 2985 tantum
587 2950 692 3001 pro
746 2932 960 3001 patria]
1029 2933 1220 3002 gehort
1281 2949 1490 2987 zusam-

311 3036 456 3073 men.
498 3052 566 3060 —
612 3020 781 3090 enbm]
817 3021 1003 3075 deutet
1038 3021 1124 3074 die
1161 3022 1492 3091 Auslassung

313 3109 468 3163 eines
515 3110 829 3163 Gedankens
879 3127 962 3164 an.
1045 3111 1202 3164 Auch
1250 3111 1389 3165 nach
1435 3112 1494 3165 si

310 3204 600 3251 numerent
643 3198 717 3252 ist
759 3199 848 3253 ein
883 3198 1157 3268 Gredanke,
1207 3200 1292 3253 die
1329 3200 1489 3269 Folge

311 3287 414 3341 des
462 3286 718 3354 Zahlens,
773 3304 842 3341 zu
891 3292 1168 3356 erganzen.
1227 3321 1295 3328 —
1359 3290 1489 3343 Ger-

309 3376 560 3445 maniae]
600 3376 914 3430 bezeichnet
940 3376 1059 3430 hier
1081 3377 1233 3431 nicht
1258 3378 1344 3433 die
1383 3378 1489 3432 bei-

311 3464 423 3519 den
473 3464 774 3519 romischen
827 3464 1127 3519 Provinzen
1177 3466 1354 3521 Germ.
1405 3467 1489 3520 in-

309 3552 483 3606 ferior
516 3553 626 3606 und
664 3554 927 3622 superior,
975 3554 1205 3609 sondern
1251 3555 1337 3609 die
1375 3556 1490 3609 ein-

314 3640 510 3695 zelnen
540 3641 684 3696 Teile
720 3642 850 3695 oder
885 3642 1134 3711 Stamme,
1173 3661 1278 3698 von
1313 3645 1490 3699 denen

315 3730 438 3783 eine
502 3730 708 3783 Anzahl
776 3731 883 3784 den
945 3731 1492 3803 Vernichtungskrieg

312 3835 488 3887 gegen
505 3820 680 3873 Varus
704 3820 904 3873 fiihrte.
925 3852 994 3860 —

312 3908 364 3961 d.
403 3908 483 3961 Fl.

394 4011 474 4050 1⁵.
525 3998 844 4051 Recessuros
898 4039 911 4052 .
945 4039 956 4051 .
991 4040 1004 4052 .

1021 3822 1271 3892 flumine]
1299 3863 1331 3891 „
1342 3826 1489 3875 ιιιιι·ιι

1060 4000 1487 4071 aemularentur]

316 4084 419 4139 Die
445 4086 870 4141 verschiedenen
889 4086 1142 4156 Subjekte
1177 4088 1252 4141 im
1281 4090 1488 4159 Haupt-

313 4175 425 4227 und
461 4175 768 4230 Nebensatz
815 4193 882 4229 zu
919 4182 1207 4246 erganzen!
1257 4210 1326 4219 —-
1373 4178 1488 4249 illi]

309 4262 400 4317 die
435 4264 650 4318 Feinde.
691 4295 759 4304 —
796 4265 1050 4335 impetus]
1089 4267 1487 4338 „Ungestiim“,

305 4350 419 4420 vgl.
460 4353 628 4421 „plus
663 4352 897 4423 culpae“
935 4356 1068 4425 Kap.
1107 4358 1158 4423 6,
1196 4358 1245 4412 6.

389 4452 472 4496 20.
529 4442 698 4513 ipsos]
755 4442 828 4497 ist
880 4444 1174 4513 Gegensatz
1230 4462 1299 4499 zu
1350 4446 1484 4515 deos,

1596 2398 1747 2452 nicht
1782 2399 1995 2453 einfach
2030 2425 2101 2446 =
2134 2417 2204 2454 se.
2244 2432 2311 2440 —
2346 2400 2773 2473 difficillimum]

1600 2487 1987 2556 entsprechend
2060 2487 2157 2542 der
2217 2489 2567 2559 Schilderung
2637 2491 2771 2561 Καρ.

1601 2578 1687 2647 12,
1715 2579 1767 2633 2.
1796 2610 1865 2617 -
1904 2578 2161 2649 consilia]
2192 2580 2621 2649 „Beratungen“
2650 2582 2774 2651 (wie

1599 2666 1734 2735 Kap.
1786 2668 1880 2734 12,
1931 2670 1993 2723 4:
2049 2668 2107 2720 in
2160 2684 2439 2723 commune
2494 2670 2775 2725 consulere

1603 2756 1972 2824 „gemeinsam
1996 2756 2299 2826 beraten“).
2332 2788 2397 2798 —
2439 2760 2653 2828 audere]
2680 2759 2773 2813 ab-

1599 2844 1765 2899 solut:
1805 2885 1836 2913 „
1853 2844 2023 2914 mutig
2056 2846 2188 2915 sein,
2235 2846 2382 2899 kiihn
2416 2851 2663 2915 wagen“.
2702 2878 2771 2887 -

1597 2933 1808 2988 Tacitus
1833 2934 2127 3003 gebraucht
2162 2934 2249 2988 bei
2285 2935 2482 2989 audere
2518 2936 2656 2989 auch
2692 2937 2776 2990 oft

1597 3022 1705 3076 den
1742 3022 2243 3091 Objektsaccusativ.

1670 3200 1823 3271 Καρ.
1873 3202 1969 3257 16.
2060 3201 2377 3273 instinctus]
2434 3206 2773 3274 angespornt,

1599 3290 1995 3359 „begeistert“,
2032 3291 2170 3345 auch
2206 3292 2339 3361 Kap.
2378 3293 2464 3360 35,
2501 3295 2552 3349 3.
2620 3283 2771 3347 Alm-

1597 3377 1708 3433 lich
1744 3380 1882 3433 Hist.
1922 3380 2016 3448 IV,
2054 3381 2152 3449 24,
2205 3382 2297 3435 15:
2350 3381 2478 3449 „his
2527 3382 2669 3435 inter
2712 3398 2773 3435 se

1598 3468 1819 3521 vocibus
1855 3468 2133 3523 instinctos
2148 3472 2195 3522 “.
2250 3459 2401 3523 iiber
2435 3470 2501 3523 in
2526 3470 2700 3523 vicem
2726 3486 2772 3524 s.

1597 3557 1733 3626 Kap.
1774 3559 1835 3625 6,
1872 3560 1923 3612 4.
1982 3589 2049 3597 —
2103 3574 2272 3626 neque
2432 3558 2771 3629 discernunt]

1597 3645 1717 3700 Tac.
1766 3648 1907 3700 Ann.
1955 3646 2107 3713 XIV,
2157 3648 2255 3701 35:
2308 3646 2621 3715 „Boudicca
2667 3686 2679 3698 .
2712 3687 2723 3699 .
2756 3688 2770 3701 .

1597 3734 1813 3788 solitum
1859 3734 2073 3803 quidem
2120 3734 2393 3789 Britannis
2446 3734 2771 3789 feminarum

1596 3823 1763 3876 ductu
1790 3822 1989 3877 bellare
2016 3823 2361 3877 testabatur.“
2381 3855 2450 3863 —
2474 3827 2771 3895 sumpsere]

1597 3912 1700 3966 Mit
1714 3929 1923 3965 sumere
1936 3912 2218 3967 verbindet
2227 3912 2436 3968 Tacitus
2456 3912 2575 3967 eine
2593 3914 2774 3983 grosse

1597 4002 1727 4056 Zahl
1755 4001 2095 4056 substantiva
2119 4002 2277 4072 (auch
2306 4002 2610 4072 abstrakte),
2640 4021 2686 4057 z.
2707 4004 2770 4057 B.

1589 4090 1891 4161 proelium,
1941 4090 2193 4159 exitium,
2249 4097 2500 4159 mor-tem,
2548 4091 2771 4161 pericu-

1597 4182 1740 4247 lum,
1797 4180 2094 4247 militiam,
2144 4181 2348 4251 probra
2403 4184 2502 4236 etc.
2594 4181 2773 4251 (Auch

1596 4269 1799 4324 Sallust
1842 4270 1937 4324 hat
1983 4288 2195 4325 sumere
2230 4270 2428 4324 bellum
2475 4271 2583 4323 und
2611 4287 2771 4340 proe-

1597 4357 1778 4426 lium.)
1818 4390 1885 4399 —
1923 4359 2001 4412 Zu
2025 4359 2133 4413 den
2159 4360 2379 4413 castella
2412 4359 2649 4428 geheren
2676 4359 2769 4413 be-

1596 4447 1818 4501 sonders
1872 4447 1957 4501 die
2020 4464 2063 4501 c.
2120 4452 2373 4517 promota
2434 4448 2529 4501 des
2584 4447 2775 4503 Didius
