3241 5118
1121 416 1384 486 Agricola.
1458 433 1504 470 c.
1541 419 1629 474 39.
1666 418 1753 472 40.
2590 417 2665 479 δῖ

208 579 524 643 exercitus
571 579 1049 662 languesceret:
1111 597 1263 644 nam
1325 580 1520 644 etiam
1571 581 1715 644 tum
1760 580 2056 661 Agricola
2098 580 2503 645 Britanniam
2556 581 2665 649 ob-

209 686 475 750 tinebat.

390 792 608 874 Igitur
663 792 1076 876 triumphalia
1135 794 1514 857 ornamenta
1571 795 1639 856 et
1697 793 1987 857 inlustris
2044 795 2298 858 statuae
2358 794 2663 858 honorem
2680 799 2773 860 40

213 903 278 964 et
327 898 648 981 quidquid
689 917 806 982 pro
851 897 1176 983 triumpho
1223 900 1416 964 datur
1429 946 1446 975 ‚
1502 899 1711 964 multo
1770 901 2104 964 verborum
2158 900 2398 966 honore
2443 919 2667 964 cumu-

209 1007 342 1071 lata
359 1055 376 1084 ‚
423 1006 680 1072 decerni
724 1006 792 1070 in
839 1008 1072 1070 senatu
1115 1006 1296 1071 iubet
1341 1005 1614 1088 addique
1661 1006 1923 1090 insuper
1966 1007 2350 1089 opinionem,
2412 1005 2665 1089 Syriam

210 1113 600 1196 provinciam
668 1112 1000 1194 Agricolae
1071 1111 1376 1176 destinari
1389 1159 1405 1188 ‚
1473 1129 1743 1176 vacuam
1810 1115 1954 1177 tum
2020 1115 2223 1177 morte
2280 1113 2461 1177 Atilii
2516 1112 2665 1176 Rufi

212 1218 568 1283 consularis
613 1220 680 1284 et
723 1218 1070 1284 maioribus
1123 1220 1536 1284 reservatam.
1628 1217 1963 1284 Credidere
2023 1219 2307 1303 plerique
2364 1220 2667 1286 libertum
2687 1241 2714 1281 ι

224 1345 296 1390 ex
344 1325 793 1390 secretioribus
839 1325 1210 1390 ministeriis
1241 1326 1515 1390 missum
1545 1324 1626 1389 ad
1656 1325 2017 1407 Agricolam
2057 1326 2391 1404 codicilloS,
2437 1327 2666 1409 quibus

215 1433 272 1497 ei
319 1431 510 1515 Syria
557 1432 848 1509 dabatur,
896 1432 1151 1508 tulisse,
1197 1451 1345 1497 cum
1391 1435 1727 1516 praecepto
1774 1434 1866 1509 ut,
1914 1432 1969 1496 si
2012 1432 2078 1496 in
2109 1432 2443 1498 Britannia
2487 1432 2667 1511 foret,

217 1539 656 1614 traderentur;
717 1557 994 1621 eumque
1039 1539 1342 1604 libertum
1387 1539 1456 1603 in
1499 1538 1637 1621 ipso
1682 1538 1845 1603 freto
1894 1537 2127 1604 Oceani
2186 1540 2441 1604 obvium
2485 1540 2671 1622 Agri-

217 1647 388 1710 colae
403 1693 420 1722 ‚
489 1664 571 1710 ne
641 1645 960 1729 appellato
1021 1645 1279 1727 quidem
1337 1665 1412 1710 eo
1473 1645 1552 1710 ad
1610 1645 2053 1710 Domitianum
2117 1665 2437 1711 remeasse
2452 1694 2468 1723 ,
2536 1647 2667 1711 sive

220 1771 442 1816 verum
485 1751 665 1816 istud
679 1799 696 1828 ‚
755 1753 888 1816 sive
937 1771 1014 1816 ex
1055 1752 1306 1834 ingenio
1351 1752 1655 1836 principis
1700 1752 1922 1817 fictum
1968 1771 2043 1817 ac
2088 1753 2507 1836 compositum
2553 1755 2669 1818 est.
2697 1774 2757 1817 io

219 1858 599 1922 Tradiderat
663 1858 922 1922 iuterim
987 1859 1282 1940 Agricola
1351 1859 1699 1924 successori
1768 1878 1882 1924 suo
1940 1859 2327 1942 provinciam
2388 1861 2672 1942 quietam

219 1967 578 2046 tutamque.
666 1967 760 2030 Ao
804 1984 886 2030 ne
929 1965 1228 2029 notabilis
1275 1965 1645 2030 celebritate
1693 1969 1759 2030 et
1804 1964 2162 2047 frequentia
2208 1967 2671 2031 occurrentium

220 2071 521 2135 introitus
569 2073 768 2149 esset,
815 2073 1018 2136 vitato
1066 2071 1413 2136 amicorum
1461 2071 1663 2136 officio
1708 2076 1903 2137 noctu
1948 2073 2014 2136 in
2060 2074 2317 2150 urbem,
2371 2075 2563 2137 noctu
2607 2074 2674 2136 in

221 2299 479 2367 bergen“,
535 2297 638 2352 wie
692 2298 934 2352 Tiberius
982 2302 1122 2354 Ann.
1177 2301 1234 2366 Ι,
1291 2302 1390 2356 69:

222 2429 254 2456 „
268 2388 388 2442 odia
423 2403 559 2457 quae
605 2388 920 2442 reconderet
963 2390 1222 2458 auctaque
1271 2405 1393 2458 pro-

221 2478 450 2531 meret“.
504 2507 572 2516 —
620 2479 777 2547 nam]
815 2477 1026 2532 Vorher
1059 2476 1132 2532 ist
1167 2478 1254 2532 ein
1291 2479 1394 2532 Ge-

221 2567 392 2621 danke
417 2585 484 2621 zu
509 2571 792 2635 erganzen.
850 2567 1186 2623 Wiederholt
1210 2568 1398 2623 hatten

223 2657 329 2711 seit
387 2659 456 2712 68
529 2656 824 2725 siegreiche
893 2656 1222 2711 Feldherren
1292 2657 1398 2711 den

222 2745 416 2801 Kaiser
429 2747 690 2814 gestiirzt3
710 2762 770 2800 so
788 2746 1100 2814 Vespasian,
1117 2746 1218 2800 der
1232 2746 1402 2801 Vater

223 2833 534 2889 Domitiana.

222 3000 322 3049 Die
347 2999 546 3049 letzten
576 2999 1110 3084 <aeht)1.ebennjalire
1129 3002 1222 3050 de·
1239 3000 1398 3063 Agri·

397 3088 516 3138 cela
550 3090 656 3137 und
691 3090 804 3139 sein
839 3089 948 3139 Tod
974 3086 1237 3150 (δῦ-93).

591 3171 745 3242 (Kap.
783 3172 1036 3241 40—43.)

299 3277 453 3346 Kap.
485 3278 589 3336 40.
663 3278 1030 3349 triumphalia
1055 3280 1400 3349 ornamenta]

223 3367 376 3436 (oder
408 3366 700 3435 insiynia).
774 3367 888 3422 Seit
921 3368 1274 3437 Einrichtung
1308 3368 1404 3422 der

223 3455 538 3511 Monarchie
579 3456 810 3510 feierten
859 3472 964 3510 nur
1007 3458 1103 3511 der
1146 3457 1404 3525 Prinzeps

225 3544 357 3599 oder
381 3543 686 3613 Mitglieder
711 3544 807 3598 des
831 3545 1216 3600 Kaiserhauses
1243 3547 1310 3615 (z.
1341 3546 1402 3600 Β.

225 3633 576 3687 Germanicus
639 3635 778 3687 Ann.
842 3635 929 3702 Π,
983 3636 1075 3703 41)
1137 3636 1249 3690 und
1311 3635 1408 3689 der

225 3726 353 3790 Agr.
376 3723 445 3777 14
475 3721 746 3777 erwahnte
773 3725 837 3776 A.
858 3722 1099 3778 Plautius
1120 3724 1406 3793 Triumphe

225 3811 358 3865 oder
385 3810 702 3865 Ovationen.
775 3812 872 3866 Als
907 3812 1095 3866 Ersatz
1129 3814 1224 3866 fiir
1259 3813 1406 3867 diese

224 3899 372 3955 ἘΜ-θ
419 3899 710 3969 (quidquid
743 3918 850 3970 pro
897 3901 1174 3972 triumpho
1217 3903 1406 3971 datm)

226 3989 453 4043 wurden
489 3988 575 4043 die
610 3986 868 4058 insignia
889 3990 1258 4060 triumphalia
1284 4007 1406 4045 ver-

227 4076 411 4132 liehen
427 4117 442 4144 ‚
494 4077 544 4131 d.
583 4078 636 4131 h.
683 4078 780 4133 das
814 4078 992 4133 Recht
1035 4080 1092 4133 in
1139 4080 1238 4134 der
1283 4082 1408 4150 toga

227 4166 398 4235 picta,
449 4166 632 4221 tunica
674 4166 932 4235 palmata,
985 4184 1180 4223 corona
1225 4169 1410 4224 laurea

229 4272 297 4309 zu
333 4254 666 4309 erscheinen.
740 4256 893 4311 Dazu
936 4258 1058 4311 kam
1093 4258 1232 4313 auch
1269 4257 1408 4314 wohl

227 4344 314 4399 die
350 4343 678 4413 Errichtung
727 4344 878 4400 einer
911 4346 1096 4402 Statue
1144 4348 1244 4403 mit
1287 4348 1410 4402 dem

229 4432 648 4488 lorbeerkranz.
705 4464 774 4484 —v
827 4440 876 4489 et
910 4436 1204 4506 qm‘dquid]
1257 4476 1288 4505 ,‚
1302 4437 1412 4491 und

1501 2299 1802 2369 iiberhaupt
1837 2299 1969 2354 alles
1983 2304 2031 2368 “,
2070 2301 2173 2370 vgl.
2212 2301 2534 2370 Kap.6,15;
2573 2304 2679 2369 „et

1501 2389 1741 2443 inania“.
1780 2421 1848 2428 —
1884 2389 2164 2445 verborum
2198 2391 2388 2460 honor]
2426 2390 2677 2457 „Ehren-

1503 2478 1815 2547 bezeugung
1866 2478 1925 2531 in
1978 2478 2266 2532 Worten“.
2334 2509 2401 2520 —
2465 2479 2675 2549 opinio]

1507 2570 1936 2639 ,‚Andeutung“.
2010 2569 2129 2639 Vgl.
2170 2570 2301 2639 Kap.
2343 2573 2392 2635 9,
2432 2573 2517 2626 19.

1581 2672 1628 2713 ⁸.
1656 2658 1985 2729 maioribus]
2015 2659 2149 2729 (scil.
2169 2660 2329 2729 viris)
2358 2659 2551 2729 Syrien
2568 2674 2683 2713 war

1507 2746 1629 2801 eine
1673 2748 1855 2802 reiohe
1902 2747 2255 2818 (kaiserliche)
2292 2748 2520 2803 Provinz
2570 2748 2680 2802 und

1506 2851 1695 2905 wegen
1730 2837 1829 2891 der
1864 2836 2289 2891 Nachbarschaft
2322 2838 2420 2891 der
2454 2837 2683 2891 Parther

1506 2923 1817 2978 miliffii‘isch
1835 2924 2051 2993 wichtig
2076 2925 2184 2978 und
2202 2925 2345 2979 stark
2374 2925 2591 2979 besetzt.
2616 2954 2678 2965 —

1505 3012 1845 3083 ministeria]
1919 3013 2142 3067 konkret
2202 3031 2272 3067 zu
2334 3013 2680 3068 iibersetzen!

1507 3102 1909 3171 Freigelassene
1958 3101 2291 3157 bekleideten
2344 3102 2547 3157 damals
2596 3103 2681 3156 die

1509 3191 1846 3260 wichtigsten
1882 3193 1993 3246 und
2028 3191 2516 3248 einflutsreichsten
2544 3192 2681 3247 Hos-

1509 3282 1696 3334 iimter.
1770 3280 1947 3335 Selbst
1981 3280 2067 3335 die
2094 3281 2317 3335 Kanzlei
2356 3282 2445 3352 (ab
2479 3281 2683 3351 emistu—

1511 3369 1606 3437 lis)
1654 3368 1764 3422 und
1791 3369 1887 3424 das
1923 3372 2053 3424 Amt
2085 3372 2181 3424 der
2214 3370 2592 3424 Bittsohriften
2626 3374 2687 3439 (a

1511 3458 1728 3527 libellis)
1766 3460 1985 3513 wurden
2020 3461 2182 3513 unter
2216 3458 2481 3513 Domitian
2517 3458 2687 3512 durch

1512 3547 1697 3600 liberti
1728 3546 2021 3601 verwaltet.
2059 3579 2127 3588 -—
2164 3547 2436 3617 codicilli]
2476 3587 2507 3615 „
2522 3546 2685 3601 Kabi-

1513 3635 1875 3689 netsbesehl“.
1914 3664 1987 3679 —-
2032 3636 2284 3705 dabatur]
2323 3636 2577 3705 Tempus!
2617 3666 2685 3675 —

1514 3724 1580 3777 in
1628 3724 1749 3793 ipso
1788 3766 1834 3781 ..
1857 3726 1891 3794 .]
1942 3724 2045 3793 vgl.
2097 3725 2231 3794 Kap.
2269 3726 2356 3793 23,
2394 3726 2453 3780 2:
2506 3724 2689 3792 „noch

1513 3813 1570 3866 in
1601 3814 1699 3867 der
1724 3813 2008 3883 Maerenge
2021 3817 2070 3867 “.
2110 3844 2177 3856 -
2212 3814 2415 3883 fretum
2458 3813 2687 3884 Oceani]

1517 3928 1582 3949 ==
1611 3904 1681 3955 fr.
1712 3902 1990 3957 Gallicum.
2030 3934 2097 3945 -
2135 3904 2203 3957 In
2238 3904 2440 3958 diesem
2478 3903 2689 3973 Kapitel

1515 3991 1636 4045 sind
1648 3991 1884 4047 fiinimal
1894 3992 2028 4047 zwei
2040 3992 2353 4061 Synonyma
2362 3993 2690 4061 verbunden,

1515 4080 1758 4135 zweimal
1792 4081 2077 4150 Adjektive
2093 4122 2107 4149 ‚
2156 4081 2394 4136 zweimal
2432 4081 2689 4136 Substan-

1515 4170 1643 4236 tive‚
1680 4168 1876 4224 einmal
1910 4169 2251 4239 Participien.

1601 4268 1677 4312 η.
1732 4258 2013 4329 notabilis]
2071 4258 2419 4327 „auffallig“.
2476 4288 2545 4297 —
2604 4274 2691 4310 oc·-

1517 4348 1753 4417 currorc]
1801 4348 1836 4401 J
1838 4363 1939 4401 em.
1996 4387 2029 4416 „
2045 4346 2477 4416 entgegengehen
2494 4346 2542 4412 “‚
2598 4362 2692 4397 um

1517 4436 1632 4489 ihm
1669 4435 1757 4490 ein
1793 4434 2691 4505 officium(„Eh1-enbezeugung“)
