<?xml version="1.0" encoding="UTF-8"?>
<!DOCTYPE html PUBLIC "-//W3C//DTD XHTML 1.0 Transitional//EN"
    "http://www.w3.org/TR/xhtml1/DTD/xhtml1-transitional.dtd">
<html xmlns="http://www.w3.org/1999/xhtml" xml:lang="en" lang="en">
 <head>
  <title>
</title>
<meta http-equiv="Content-Type" content="text/html;charset=utf-8" />
  <meta name='ocr-system' content='tesseract 3.04.00' />
  <meta name='ocr-capabilities' content='ocr_page ocr_carea ocr_par ocr_line ocrx_word'/>
</head>
<body>
  <div class='ocr_page' id='page_1' title='image "./corneliitacitid07tacigoog_0075.png"; bbox 0 0 3241 5118; ppageno 0'>
   <div class='ocr_carea' id='block_1_1' title="bbox 1092 429 2638 499">
    <p class='ocr_par' dir='ltr' id='par_1_1' title="bbox 1092 429 2638 499">
     <span class='ocr_line' id='line_1_1' title="bbox 1092 429 2638 499; baseline 0.002 -15"><span class='ocrx_word' id='word_1_1' title='bbox 1092 431 1354 499; x_wconf 84' lang='lat' dir='ltr'>Agricola.</span> <span class='ocrx_word' id='word_1_2' title='bbox 1430 447 1474 483; x_wconf 92' lang='grc'>0.</span> <span class='ocrx_word' id='word_1_3' title='bbox 1513 432 1598 493; x_wconf 77' lang='grc'>45.</span> <span class='ocrx_word' id='word_1_4' title='bbox 1638 432 1724 486; x_wconf 85' lang='grc'>46.</span> <span class='ocrx_word' id='word_1_5' title='bbox 2572 429 2638 489; x_wconf 78' lang='lat'>67</span> 
     </span>
    </p>
   </div>
   <div class='ocr_carea' id='block_1_2' title="bbox 179 593 2730 1322">
    <p class='ocr_par' dir='ltr' id='par_1_2' title="bbox 179 593 2730 1322">
     <span class='ocr_line' id='line_1_2' title="bbox 179 593 2642 676; baseline 0 -17"><span class='ocrx_word' id='word_1_6' title='bbox 179 597 416 671; x_wconf 74' lang='lat' dir='ltr'>hence,</span> <span class='ocrx_word' id='word_1_7' title='bbox 467 613 540 658; x_wconf 91' lang='lat' dir='ltr'>ea</span> <span class='ocrx_word' id='word_1_8' title='bbox 586 593 1087 658; x_wconf 88' lang='lat' dir='ltr'>coniunctissimi</span> <span class='ocrx_word' id='word_1_9' title='bbox 1135 594 1440 674; x_wconf 88' lang='lat' dir='ltr'>cuiusque</span> <span class='ocrx_word' id='word_1_10' title='bbox 1486 593 1709 675; x_wconf 81' lang='lat' dir='ltr'>pietaS.</span> <span class='ocrx_word' id='word_1_11' title='bbox 1796 593 1874 656; x_wconf 91' lang='lat' dir='ltr'>Id</span> <span class='ocrx_word' id='word_1_12' title='bbox 1919 594 2087 658; x_wconf 88' lang='lat' dir='ltr'>filiae</span> <span class='ocrx_word' id='word_1_13' title='bbox 2137 613 2389 676; x_wconf 88' lang='lat' dir='ltr'>quoque</span> <span class='ocrx_word' id='word_1_14' title='bbox 2436 598 2642 660; x_wconf 84' lang='lat' dir='ltr'>uxori-</span> 
     </span>
     <span class='ocr_line' id='line_1_3' title="bbox 183 701 2645 784; baseline 0.001 -18"><span class='ocrx_word' id='word_1_15' title='bbox 183 723 306 784; x_wconf 85' lang='lat' dir='ltr'>que</span> <span class='ocrx_word' id='word_1_16' title='bbox 356 701 820 784; x_wconf 81' lang='lat' dir='ltr'>praeceperim,</span> <span class='ocrx_word' id='word_1_17' title='bbox 881 701 972 764; x_wconf 90' lang='lat' dir='ltr'>sic</span> <span class='ocrx_word' id='word_1_18' title='bbox 1030 701 1265 782; x_wconf 88' lang='lat' dir='ltr'>patris,</span> <span class='ocrx_word' id='word_1_19' title='bbox 1326 701 1417 765; x_wconf 89' lang='lat' dir='ltr'>sic</span> <span class='ocrx_word' id='word_1_20' title='bbox 1471 701 1691 763; x_wconf 87' lang='lat' dir='ltr'>mariti</span> <span class='ocrx_word' id='word_1_21' title='bbox 1748 702 2123 766; x_wconf 83' lang='lat' dir='ltr'>memoriam</span> <span class='ocrx_word' id='word_1_22' title='bbox 2186 704 2504 780; x_wconf 87' lang='lat' dir='ltr'>venerari,</span> <span class='ocrx_word' id='word_1_23' title='bbox 2569 707 2645 768; x_wconf 92' lang='lat' dir='ltr'>ut</span> 
     </span>
     <span class='ocr_line' id='line_1_4' title="bbox 179 801 2643 892; baseline 0.001 -19"><span class='ocrx_word' id='word_1_24' title='bbox 179 811 399 874; x_wconf 89' lang='lat' dir='ltr'>omnia</span> <span class='ocrx_word' id='word_1_25' title='bbox 447 808 616 872; x_wconf 88' lang='lat' dir='ltr'>facta</span> <span class='ocrx_word' id='word_1_26' title='bbox 664 807 961 888; x_wconf 87' lang='lat' dir='ltr'>dictaque</span> <span class='ocrx_word' id='word_1_27' title='bbox 1010 807 1145 871; x_wconf 91' lang='lat' dir='ltr'>eius</span> <span class='ocrx_word' id='word_1_28' title='bbox 1195 826 1412 871; x_wconf 89' lang='lat' dir='ltr'>secum</span> <span class='ocrx_word' id='word_1_29' title='bbox 1443 808 1787 884; x_wconf 74' lang='lat' dir='ltr'>revolvant,</span> <span class='ocrx_word' id='word_1_30' title='bbox 1833 807 2230 890; x_wconf 88' lang='lat' dir='ltr'>formamque</span> <span class='ocrx_word' id='word_1_31' title='bbox 2266 829 2339 874; x_wconf 88' lang='lat' dir='ltr'>ac</span> <span class='ocrx_word' id='word_1_32' title='bbox 2368 801 2643 892; x_wconf 73' lang='lat' dir='ltr'>figuram</span> 
     </span>
     <span class='ocr_line' id='line_1_5' title="bbox 181 914 2730 997; baseline 0.001 -18"><span class='ocrx_word' id='word_1_33' title='bbox 181 917 386 979; x_wconf 87' lang='lat' dir='ltr'>animi</span> <span class='ocrx_word' id='word_1_34' title='bbox 431 915 638 996; x_wconf 89' lang='lat' dir='ltr'>magis</span> <span class='ocrx_word' id='word_1_35' title='bbox 689 933 882 995; x_wconf 89' lang='lat' dir='ltr'>quam</span> <span class='ocrx_word' id='word_1_36' title='bbox 931 915 1205 997; x_wconf 88' lang='lat' dir='ltr'>corporis</span> <span class='ocrx_word' id='word_1_37' title='bbox 1265 914 1797 996; x_wconf 74' lang='lat' dir='ltr'>complectantur,</span> <span class='ocrx_word' id='word_1_38' title='bbox 1856 933 1982 978; x_wconf 92' lang='lat' dir='ltr'>non</span> <span class='ocrx_word' id='word_1_39' title='bbox 2041 916 2190 997; x_wconf 91' lang='lat' dir='ltr'>quia</span> <span class='ocrx_word' id='word_1_40' title='bbox 2250 918 2730 983; x_wconf 79' lang='lat' dir='ltr'>interceden-10</span> 
     </span>
     <span class='ocr_line' id='line_1_6' title="bbox 182 1021 2643 1104; baseline 0.002 -18"><span class='ocrx_word' id='word_1_41' title='bbox 182 1024 344 1086; x_wconf 85' lang='lat' dir='ltr'>dum</span> <span class='ocrx_word' id='word_1_42' title='bbox 390 1025 612 1104; x_wconf 87' lang='lat' dir='ltr'>putem</span> <span class='ocrx_word' id='word_1_43' title='bbox 669 1021 1054 1102; x_wconf 84' lang='lat' dir='ltr'>imaginibus</span> <span class='ocrx_word' id='word_1_44' title='bbox 1113 1040 1277 1102; x_wconf 87' lang='lat' dir='ltr'>quae</span> <span class='ocrx_word' id='word_1_45' title='bbox 1338 1040 1653 1084; x_wconf 90' lang='lat' dir='ltr'>marmore</span> <span class='ocrx_word' id='word_1_46' title='bbox 1717 1023 1831 1084; x_wconf 92' lang='lat' dir='ltr'>aut</span> <span class='ocrx_word' id='word_1_47' title='bbox 1892 1040 2034 1086; x_wconf 89' lang='lat' dir='ltr'>aere</span> <span class='ocrx_word' id='word_1_48' title='bbox 2093 1023 2453 1104; x_wconf 87' lang='lat' dir='ltr'>finguntur,</span> <span class='ocrx_word' id='word_1_49' title='bbox 2514 1027 2643 1103; x_wconf 88' lang='lat' dir='ltr'>sed,</span> 
     </span>
     <span class='ocr_line' id='line_1_7' title="bbox 185 1128 2645 1204; baseline 0.002 -11"><span class='ocrx_word' id='word_1_50' title='bbox 185 1134 261 1193; x_wconf 90' lang='lat' dir='ltr'>ut</span> <span class='ocrx_word' id='word_1_51' title='bbox 306 1129 528 1193; x_wconf 88' lang='lat' dir='ltr'>vultus</span> <span class='ocrx_word' id='word_1_52' title='bbox 589 1129 950 1204; x_wconf 90' lang='lat' dir='ltr'>hominum,</span> <span class='ocrx_word' id='word_1_53' title='bbox 1009 1128 1102 1190; x_wconf 90' lang='lat' dir='ltr'>ita</span> <span class='ocrx_word' id='word_1_54' title='bbox 1159 1129 1502 1192; x_wconf 85' lang='lat' dir='ltr'>simulacra</span> <span class='ocrx_word' id='word_1_55' title='bbox 1561 1128 1781 1192; x_wconf 90' lang='lat' dir='ltr'>vultus</span> <span class='ocrx_word' id='word_1_56' title='bbox 1838 1129 2155 1193; x_wconf 87' lang='lat' dir='ltr'>imbecilla</span> <span class='ocrx_word' id='word_1_57' title='bbox 2218 1149 2290 1194; x_wconf 89' lang='lat' dir='ltr'>ao</span> <span class='ocrx_word' id='word_1_58' title='bbox 2347 1134 2645 1197; x_wconf 90' lang='lat' dir='ltr'>mortalia</span> 
     </span>
     <span class='ocr_line' id='line_1_8' title="bbox 185 1227 2645 1322; baseline 0.002 -23"><span class='ocrx_word' id='word_1_59' title='bbox 185 1227 371 1312; x_wconf 76' lang='lat' dir='ltr'>sunt,</span> <span class='ocrx_word' id='word_1_60' title='bbox 432 1234 638 1298; x_wconf 88' lang='lat' dir='ltr'>forma</span> <span class='ocrx_word' id='word_1_61' title='bbox 682 1235 917 1298; x_wconf 87' lang='lat' dir='ltr'>mentis</span> <span class='ocrx_word' id='word_1_62' title='bbox 967 1237 1260 1312; x_wconf 89' lang='lat' dir='ltr'>aeterna,</span> <span class='ocrx_word' id='word_1_63' title='bbox 1323 1253 1515 1316; x_wconf 91' lang='lat' dir='ltr'>quam</span> <span class='ocrx_word' id='word_1_64' title='bbox 1564 1237 1781 1299; x_wconf 89' lang='lat' dir='ltr'>tenere</span> <span class='ocrx_word' id='word_1_65' title='bbox 1831 1238 1896 1299; x_wconf 90' lang='lat' dir='ltr'>et</span> <span class='ocrx_word' id='word_1_66' title='bbox 1943 1238 2291 1319; x_wconf 84' lang='lat' dir='ltr'>exprimere</span> <span class='ocrx_word' id='word_1_67' title='bbox 2352 1259 2479 1302; x_wconf 89' lang='lat' dir='ltr'>non</span> <span class='ocrx_word' id='word_1_68' title='bbox 2534 1260 2645 1322; x_wconf 88' lang='lat' dir='ltr'>per</span> 
     </span>
    </p>
   </div>
   <div class='ocr_carea' id='block_1_3' title="bbox 184 1341 2355 1426">
    <p class='ocr_par' dir='ltr' id='par_1_3' title="bbox 184 1341 2355 1426">
     <span class='ocr_line' id='line_1_9' title="bbox 184 1341 2355 1426; baseline 0.001 -21"><span class='ocrx_word' id='word_1_69' title='bbox 184 1344 465 1406; x_wconf 87' lang='lat' dir='ltr'>alienam</span> <span class='ocrx_word' id='word_1_70' title='bbox 511 1341 848 1404; x_wconf 87' lang='lat' dir='ltr'>materiam</span> <span class='ocrx_word' id='word_1_71' title='bbox 896 1343 962 1404; x_wconf 91' lang='lat' dir='ltr'>et</span> <span class='ocrx_word' id='word_1_72' title='bbox 1009 1343 1241 1418; x_wconf 88' lang='lat' dir='ltr'>artem,</span> <span class='ocrx_word' id='word_1_73' title='bbox 1289 1341 1400 1406; x_wconf 90' lang='lat' dir='ltr'>sed</span> <span class='ocrx_word' id='word_1_74' title='bbox 1445 1342 1575 1405; x_wconf 88' lang='lat' dir='ltr'>tuis</span> <span class='ocrx_word' id='word_1_75' title='bbox 1624 1342 1758 1424; x_wconf 90' lang='lat' dir='ltr'>ipse</span> <span class='ocrx_word' id='word_1_76' title='bbox 1805 1343 2087 1406; x_wconf 91' lang='lat' dir='ltr'>moribus</span> <span class='ocrx_word' id='word_1_77' title='bbox 2134 1346 2355 1426; x_wconf 89' lang='lat' dir='ltr'>possis.</span> 
     </span>
    </p>
   </div>
   <div class='ocr_carea' id='block_1_4' title="bbox 2453 1344 2648 1424">
    <p class='ocr_par' dir='ltr' id='par_1_4' title="bbox 2453 1344 2648 1424">
     <span class='ocr_line' id='line_1_10' title="bbox 2453 1344 2648 1424; baseline 0.005 -15"><span class='ocrx_word' id='word_1_78' title='bbox 2453 1344 2648 1424; x_wconf 83' lang='lat' dir='ltr'>Quid-</span> 
     </span>
    </p>
   </div>
   <div class='ocr_carea' id='block_1_5' title="bbox 185 1447 2733 1856">
    <p class='ocr_par' dir='ltr' id='par_1_5' title="bbox 185 1447 2733 1856">
     <span class='ocr_line' id='line_1_11' title="bbox 192 1447 2733 1530; baseline 0.003 -18"><span class='ocrx_word' id='word_1_79' title='bbox 192 1449 347 1530; x_wconf 90' lang='lat' dir='ltr'>quid</span> <span class='ocrx_word' id='word_1_80' title='bbox 396 1467 471 1512; x_wconf 84' lang='lat' dir='ltr'>ex</span> <span class='ocrx_word' id='word_1_81' title='bbox 516 1448 811 1528; x_wconf 87' lang='lat' dir='ltr'>Agricola</span> <span class='ocrx_word' id='word_1_82' title='bbox 859 1448 1244 1524; x_wconf 87' lang='lat' dir='ltr'>amavimus,</span> <span class='ocrx_word' id='word_1_83' title='bbox 1293 1447 1600 1529; x_wconf 86' lang='lat' dir='ltr'>quidquid</span> <span class='ocrx_word' id='word_1_84' title='bbox 1649 1449 1865 1513; x_wconf 87' lang='lat' dir='ltr'>mirati</span> <span class='ocrx_word' id='word_1_85' title='bbox 1912 1469 2156 1528; x_wconf 88' lang='lat' dir='ltr'>sumus,</span> <span class='ocrx_word' id='word_1_86' title='bbox 2204 1454 2423 1516; x_wconf 88' lang='lat' dir='ltr'>manet</span> <span class='ocrx_word' id='word_1_87' title='bbox 2469 1473 2733 1520; x_wconf 82' lang='lat' dir='ltr'>man-15</span> 
     </span>
     <span class='ocr_line' id='line_1_12' title="bbox 185 1554 2650 1641; baseline 0.002 -23"><span class='ocrx_word' id='word_1_88' title='bbox 185 1573 544 1636; x_wconf 88' lang='lat' dir='ltr'>surumque</span> <span class='ocrx_word' id='word_1_89' title='bbox 594 1557 694 1618; x_wconf 89' lang='lat' dir='ltr'>est</span> <span class='ocrx_word' id='word_1_90' title='bbox 738 1554 806 1617; x_wconf 89' lang='lat' dir='ltr'>in</span> <span class='ocrx_word' id='word_1_91' title='bbox 853 1555 1082 1618; x_wconf 89' lang='lat' dir='ltr'>animis</span> <span class='ocrx_word' id='word_1_92' title='bbox 1141 1555 1504 1632; x_wconf 89' lang='lat' dir='ltr'>hominum,</span> <span class='ocrx_word' id='word_1_93' title='bbox 1565 1556 1632 1619; x_wconf 94' lang='lat' dir='ltr'>in</span> <span class='ocrx_word' id='word_1_94' title='bbox 1688 1557 2067 1620; x_wconf 87' lang='lat' dir='ltr'>aeternitate</span> <span class='ocrx_word' id='word_1_95' title='bbox 2128 1559 2521 1641; x_wconf 90' lang='lat' dir='ltr'>temporum,</span> <span class='ocrx_word' id='word_1_96' title='bbox 2584 1561 2650 1624; x_wconf 92' lang='lat' dir='ltr'>in</span> 
     </span>
     <span class='ocr_line' id='line_1_13' title="bbox 190 1661 2649 1747; baseline 0.003 -23"><span class='ocrx_word' id='word_1_97' title='bbox 190 1661 368 1725; x_wconf 85' lang='lat' dir='ltr'>fama</span> <span class='ocrx_word' id='word_1_98' title='bbox 432 1680 684 1734; x_wconf 85' lang='lat' dir='ltr'>rerum;</span> <span class='ocrx_word' id='word_1_99' title='bbox 752 1680 906 1724; x_wconf 88' lang='lat' dir='ltr'>nam</span> <span class='ocrx_word' id='word_1_100' title='bbox 960 1662 1197 1725; x_wconf 89' lang='lat' dir='ltr'>multos</span> <span class='ocrx_word' id='word_1_101' title='bbox 1255 1663 1546 1726; x_wconf 89' lang='lat' dir='ltr'>veterum</span> <span class='ocrx_word' id='word_1_102' title='bbox 1604 1663 1783 1726; x_wconf 88' lang='lat' dir='ltr'>velut</span> <span class='ocrx_word' id='word_1_103' title='bbox 1840 1664 2141 1744; x_wconf 89' lang='lat' dir='ltr'>inglorios</span> <span class='ocrx_word' id='word_1_104' title='bbox 2205 1668 2271 1728; x_wconf 89' lang='lat' dir='ltr'>et</span> <span class='ocrx_word' id='word_1_105' title='bbox 2339 1667 2649 1747; x_wconf 87' lang='lat' dir='ltr'>ignobiles</span> 
     </span>
     <span class='ocr_line' id='line_1_14' title="bbox 188 1768 2649 1856; baseline 0.003 -24"><span class='ocrx_word' id='word_1_106' title='bbox 188 1769 424 1832; x_wconf 89' lang='lat' dir='ltr'>oblivio</span> <span class='ocrx_word' id='word_1_107' title='bbox 471 1768 715 1831; x_wconf 82' lang='lat' dir='ltr'>obruit:</span> <span class='ocrx_word' id='word_1_108' title='bbox 775 1768 1071 1849; x_wconf 88' lang='lat' dir='ltr'>Agricola</span> <span class='ocrx_word' id='word_1_109' title='bbox 1115 1769 1476 1850; x_wconf 87' lang='lat' dir='ltr'>posteritati</span> <span class='ocrx_word' id='word_1_110' title='bbox 1520 1771 1821 1833; x_wconf 86' lang='lat' dir='ltr'>narratus</span> <span class='ocrx_word' id='word_1_111' title='bbox 1870 1772 1935 1833; x_wconf 87' lang='lat' dir='ltr'>et</span> <span class='ocrx_word' id='word_1_112' title='bbox 1982 1771 2258 1836; x_wconf 87' lang='lat' dir='ltr'>traditus</span> <span class='ocrx_word' id='word_1_113' title='bbox 2326 1777 2649 1856; x_wconf 89' lang='lat' dir='ltr'>superstes</span> 
     </span>
    </p>
   </div>
   <div class='ocr_carea' id='block_1_6' title="bbox 189 1876 336 1938">
    <p class='ocr_par' dir='ltr' id='par_1_6' title="bbox 189 1876 336 1938">
     <span class='ocr_line' id='line_1_15' title="bbox 189 1876 336 1938; baseline 0 0"><span class='ocrx_word' id='word_1_114' title='bbox 189 1876 336 1938; x_wconf 87' lang='lat' dir='ltr'>erit.</span> 
     </span>
    </p>
   </div>
   <div class='ocr_carea' id='block_1_7' title="bbox 193 2001 627 2010">
    <p class='ocr_par' dir='ltr' id='par_1_7' title="bbox 193 2001 627 2010">
     <span class='ocr_line' id='line_1_16' title="bbox 193 2001 627 2010; baseline 0 3108"><span class='ocrx_word' id='word_1_115' title='bbox 193 2001 627 2010; x_wconf 95' lang='lat' dir='ltr'> </span> 
     </span>
    </p>
   </div>
   <div class='ocr_carea' id='block_1_8' title="bbox 189 2067 1387 3651">
    <p class='ocr_par' dir='ltr' id='par_1_8' title="bbox 189 2067 1387 3651">
     <span class='ocr_line' id='line_1_17' title="bbox 189 2067 1370 2137; baseline 0 -16"><span class='ocrx_word' id='word_1_116' title='bbox 189 2085 392 2122; x_wconf 86' lang='lat' dir='ltr'>unsere</span> <span class='ocrx_word' id='word_1_117' title='bbox 412 2069 573 2121; x_wconf 81' lang='lat' dir='ltr'>Kraft</span> <span class='ocrx_word' id='word_1_118' title='bbox 591 2067 918 2121; x_wconf 78' lang='lat' dir='ltr'>ausreicht“.</span> <span class='ocrx_word' id='word_1_119' title='bbox 940 2099 1006 2107; x_wconf 91' lang='lat'><strong>—</strong></span> <span class='ocrx_word' id='word_1_120' title='bbox 1027 2067 1370 2137; x_wconf 74' lang='lat' dir='ltr'>coniunctus]</span> 
     </span>
     <span class='ocr_line' id='line_1_18' title="bbox 196 2157 1372 2224; baseline -0.003 -12"><span class='ocrx_word' id='word_1_121' title='bbox 196 2161 340 2212; x_wconf 90' lang='lat' dir='ltr'>Ann.</span> <span class='ocrx_word' id='word_1_122' title='bbox 377 2158 431 2224; x_wconf 91' lang='lat' dir='ltr'>I,</span> <span class='ocrx_word' id='word_1_123' title='bbox 471 2159 539 2212; x_wconf 81' lang='lat'>62</span> <span class='ocrx_word' id='word_1_124' title='bbox 587 2173 711 2210; x_wconf 90' lang='lat' dir='ltr'>vom</span> <span class='ocrx_word' id='word_1_125' title='bbox 745 2158 924 2211; x_wconf 88' lang='lat' dir='ltr'>Heere</span> <span class='ocrx_word' id='word_1_126' title='bbox 961 2158 1054 2210; x_wconf 90' lang='lat' dir='ltr'>des</span> <span class='ocrx_word' id='word_1_127' title='bbox 1093 2157 1372 2210; x_wconf 81' lang='lat' dir='ltr'>Germani-</span> 
     </span>
     <span class='ocr_line' id='line_1_19' title="bbox 191 2245 1371 2314; baseline -0.001 -15"><span class='ocrx_word' id='word_1_128' title='bbox 191 2262 324 2300; x_wconf 83' lang='lat' dir='ltr'>cus:</span> <span class='ocrx_word' id='word_1_129' title='bbox 385 2261 613 2313; x_wconf 89' lang='lat' dir='ltr'>„omnes</span> <span class='ocrx_word' id='word_1_130' title='bbox 675 2246 1049 2314; x_wconf 81' lang='lat' dir='ltr'>(Varianamm</span> <span class='ocrx_word' id='word_1_131' title='bbox 1103 2245 1371 2314; x_wconf 90' lang='lat' dir='ltr'>legionum</span> 
     </span>
     <span class='ocr_line' id='line_1_20' title="bbox 195 2333 1373 2404; baseline 0 -18"><span class='ocrx_word' id='word_1_132' title='bbox 195 2335 474 2404; x_wconf 83' lang='lat' dir='ltr'>reliquias)</span> <span class='ocrx_word' id='word_1_133' title='bbox 511 2337 574 2388; x_wconf 83' lang='lat' dir='ltr'>ut</span> <span class='ocrx_word' id='word_1_134' title='bbox 599 2335 922 2402; x_wconf 82' lang='lat' dir='ltr'>coniunctos,</span> <span class='ocrx_word' id='word_1_135' title='bbox 959 2337 1024 2387; x_wconf 85' lang='lat' dir='ltr'>ut</span> <span class='ocrx_word' id='word_1_136' title='bbox 1059 2333 1373 2403; x_wconf 86' lang='lat' dir='ltr'>consangui-</span> 
     </span>
     <span class='ocr_line' id='line_1_21' title="bbox 197 2423 1373 2493; baseline 0 -17"><span class='ocrx_word' id='word_1_137' title='bbox 197 2440 329 2477; x_wconf 85' lang='lat' dir='ltr'>neos</span> <span class='ocrx_word' id='word_1_138' title='bbox 368 2423 665 2477; x_wconf 85' lang='lat' dir='ltr'>condebant</span> <span class='ocrx_word' id='word_1_139' title='bbox 678 2426 725 2475; x_wconf 81' lang='grc'>“.</span> <span class='ocrx_word' id='word_1_140' title='bbox 765 2453 833 2462; x_wconf 89' lang='lat'>—</span> <span class='ocrx_word' id='word_1_141' title='bbox 862 2423 1064 2493; x_wconf 76' lang='lat' dir='ltr'>pietas]</span> <span class='ocrx_word' id='word_1_142' title='bbox 1095 2424 1373 2492; x_wconf 71' lang='lat' dir='ltr'>„anhang-</span> 
     </span>
     <span class='ocr_line' id='line_1_22' title="bbox 198 2512 1379 2583; baseline 0.002 -18"><span class='ocrx_word' id='word_1_143' title='bbox 198 2512 356 2580; x_wconf 87' lang='lat' dir='ltr'>liche,</span> <span class='ocrx_word' id='word_1_144' title='bbox 396 2513 663 2568; x_wconf 86' lang='lat' dir='ltr'>dankbare</span> <span class='ocrx_word' id='word_1_145' title='bbox 699 2513 920 2568; x_wconf 83' lang='lat' dir='ltr'>Liebe“.</span> <span class='ocrx_word' id='word_1_146' title='bbox 975 2543 1037 2552; x_wconf 89' lang='lat'><em>-</em></span> <span class='ocrx_word' id='word_1_147' title='bbox 1096 2513 1187 2583; x_wconf 74' lang='lat' dir='ltr'>id]</span> <span class='ocrx_word' id='word_1_148' title='bbox 1225 2513 1379 2568; x_wconf 86' lang='lat' dir='ltr'>weist</span> 
     </span>
     <span class='ocr_line' id='line_1_23' title="bbox 202 2602 1380 2672; baseline 0 -16"><span class='ocrx_word' id='word_1_149' title='bbox 202 2604 297 2656; x_wconf 78' lang='lat' dir='ltr'>auf</span> <span class='ocrx_word' id='word_1_150' title='bbox 333 2604 428 2656; x_wconf 85' lang='lat' dir='ltr'>das</span> <span class='ocrx_word' id='word_1_151' title='bbox 464 2602 730 2671; x_wconf 86' lang='lat' dir='ltr'>Folgende</span> <span class='ocrx_word' id='word_1_152' title='bbox 779 2604 898 2672; x_wconf 83' lang='lat' dir='ltr'>hin,</span> <span class='ocrx_word' id='word_1_153' title='bbox 954 2620 1080 2657; x_wconf 88' lang='lat' dir='ltr'>man</span> <span class='ocrx_word' id='word_1_154' title='bbox 1130 2606 1380 2657; x_wconf 80' lang='lat' dir='ltr'>erwartet</span> 
     </span>
     <span class='ocr_line' id='line_1_24' title="bbox 198 2691 1381 2760; baseline 0.002 -16"><span class='ocrx_word' id='word_1_155' title='bbox 198 2692 398 2744; x_wconf 79' lang='lat' dir='ltr'>dafiir?</span> <span class='ocrx_word' id='word_1_156' title='bbox 491 2691 605 2760; x_wconf 85' lang='lat' dir='ltr'>Vgl.</span> <span class='ocrx_word' id='word_1_157' title='bbox 663 2692 797 2760; x_wconf 85' lang='lat' dir='ltr'>Kap.</span> <span class='ocrx_word' id='word_1_158' title='bbox 856 2694 954 2759; x_wconf 87' lang='grc'>39,</span> <span class='ocrx_word' id='word_1_159' title='bbox 1014 2694 1070 2747; x_wconf 80' lang='lat'>7:</span> <span class='ocrx_word' id='word_1_160' title='bbox 1128 2692 1223 2760; x_wconf 86' lang='lat' dir='ltr'>„id</span> <span class='ocrx_word' id='word_1_161' title='bbox 1279 2692 1381 2746; x_wconf 87' lang='lat' dir='ltr'>sibi</span> 
     </span>
     <span class='ocr_line' id='line_1_25' title="bbox 203 2779 1379 2849; baseline 0.003 -18"><span class='ocrx_word' id='word_1_162' title='bbox 203 2779 438 2833; x_wconf 84' lang='lat' dir='ltr'>maxime</span> <span class='ocrx_word' id='word_1_163' title='bbox 473 2780 876 2834; x_wconf 77' lang='lat' dir='ltr'>formidolosum</span> <span class='ocrx_word' id='word_1_164' title='bbox 892 2783 940 2834; x_wconf 76' lang='grc'>“.</span> <span class='ocrx_word' id='word_1_165' title='bbox 980 2811 1048 2820; x_wconf 92' lang='grc'><strong>-</strong></span> <span class='ocrx_word' id='word_1_166' title='bbox 1084 2783 1237 2849; x_wconf 77' lang='lat' dir='ltr'>faeta</span> <span class='ocrx_word' id='word_1_167' title='bbox 1264 2782 1379 2835; x_wconf 77' lang='lat' dir='ltr'>die-</span> 
     </span>
     <span class='ocr_line' id='line_1_26' title="bbox 201 2868 1381 2938; baseline 0.002 -17"><span class='ocrx_word' id='word_1_168' title='bbox 201 2871 380 2938; x_wconf 80' lang='lat' dir='ltr'>taque]</span> <span class='ocrx_word' id='word_1_169' title='bbox 449 2868 742 2934; x_wconf 87' lang='lat' dir='ltr'>„Handeln</span> <span class='ocrx_word' id='word_1_170' title='bbox 804 2870 914 2922; x_wconf 88' lang='lat' dir='ltr'>und</span> <span class='ocrx_word' id='word_1_171' title='bbox 969 2869 1255 2923; x_wconf 82' lang='lat' dir='ltr'>Denken“.</span> <span class='ocrx_word' id='word_1_172' title='bbox 1312 2902 1381 2911; x_wconf 88' lang='lat'>-—-</span> 
     </span>
     <span class='ocr_line' id='line_1_27' title="bbox 197 2958 1382 3025; baseline 0.002 -14"><span class='ocrx_word' id='word_1_173' title='bbox 197 2976 388 3011; x_wconf 77' lang='lat' dir='ltr'>secu-m</span> <span class='ocrx_word' id='word_1_174' title='bbox 431 2958 708 3025; x_wconf 79' lang='lat' dir='ltr'>revolvere]</span> <span class='ocrx_word' id='word_1_175' title='bbox 765 2973 834 3009; x_wconf 92' lang='lat' dir='ltr'>an</span> <span class='ocrx_word' id='word_1_176' title='bbox 887 2958 1120 3011; x_wconf 87' lang='lat' dir='ltr'>anderen</span> <span class='ocrx_word' id='word_1_177' title='bbox 1176 2959 1382 3013; x_wconf 82' lang='lat' dir='ltr'>Stellen</span> 
     </span>
     <span class='ocr_line' id='line_1_28' title="bbox 201 3046 1382 3113; baseline 0.003 -13"><span class='ocrx_word' id='word_1_178' title='bbox 201 3047 272 3100; x_wconf 70' lang='lat' dir='ltr'>in</span> <span class='ocrx_word' id='word_1_179' title='bbox 306 3046 499 3101; x_wconf 74' lang='lat' dir='ltr'>animo</span> <span class='ocrx_word' id='word_1_180' title='bbox 534 3047 812 3113; x_wconf 79' lang='lat' dir='ltr'>revolvere,</span> <span class='ocrx_word' id='word_1_181' title='bbox 863 3048 1041 3099; x_wconf 81' lang='lat' dir='ltr'>wofiir</span> <span class='ocrx_word' id='word_1_182' title='bbox 1078 3048 1263 3103; x_wconf 86' lang='lat' dir='ltr'>Cicero</span> <span class='ocrx_word' id='word_1_183' title='bbox 1297 3068 1382 3103; x_wconf 87' lang='lat' dir='ltr'>re-</span> 
     </span>
     <span class='ocr_line' id='line_1_29' title="bbox 192 3135 1380 3206; baseline 0.001 -16"><span class='ocrx_word' id='word_1_184' title='bbox 192 3142 399 3205; x_wconf 76' lang='lat' dir='ltr'>putare</span> <span class='ocrx_word' id='word_1_185' title='bbox 435 3137 574 3205; x_wconf 83' lang='lat' dir='ltr'>sagt,</span> <span class='ocrx_word' id='word_1_186' title='bbox 627 3162 691 3179; x_wconf 93' lang='lat'><strong><em>=</em></strong></span> <span class='ocrx_word' id='word_1_187' title='bbox 732 3135 974 3203; x_wconf 88' lang='lat' dir='ltr'>„wieder</span> <span class='ocrx_word' id='word_1_188' title='bbox 1020 3138 1380 3206; x_wconf 86' lang='lat' dir='ltr'>iiberdenken,</span> 
     </span>
     <span class='ocr_line' id='line_1_30' title="bbox 202 3225 1385 3295; baseline 0.002 -16"><span class='ocrx_word' id='word_1_189' title='bbox 202 3226 320 3279; x_wconf 79' lang='lat' dir='ltr'>sich</span> <span class='ocrx_word' id='word_1_190' title='bbox 357 3225 949 3294; x_wconf 70' lang='lat' dir='ltr'>vergegenwartigen“;</span> <span class='ocrx_word' id='word_1_191' title='bbox 993 3228 1124 3281; x_wconf 86' lang='lat' dir='ltr'>Ann.</span> <span class='ocrx_word' id='word_1_192' title='bbox 1155 3228 1256 3295; x_wconf 87' lang='grc' dir='ltr'>ΠΙ,</span> <span class='ocrx_word' id='word_1_193' title='bbox 1289 3231 1385 3284; x_wconf 83' lang='grc'>18;</span> 
     </span>
     <span class='ocr_line' id='line_1_31' title="bbox 206 3313 1387 3383; baseline 0.005 -20"><span class='ocrx_word' id='word_1_194' title='bbox 206 3316 454 3383; x_wconf 83' lang='lat' dir='ltr'>„quanto</span> <span class='ocrx_word' id='word_1_195' title='bbox 492 3313 648 3382; x_wconf 89' lang='lat' dir='ltr'>plura</span> <span class='ocrx_word' id='word_1_196' title='bbox 682 3316 980 3369; x_wconf 79' lang='lat' dir='ltr'>recentium</span> <span class='ocrx_word' id='word_1_197' title='bbox 1017 3332 1114 3370; x_wconf 89' lang='lat' dir='ltr'>seu</span> <span class='ocrx_word' id='word_1_198' title='bbox 1142 3319 1387 3371; x_wconf 82' lang='lat' dir='ltr'>veterum</span> 
     </span>
     <span class='ocr_line' id='line_1_32' title="bbox 209 3402 1387 3475; baseline 0.003 -19"><span class='ocrx_word' id='word_1_199' title='bbox 209 3402 426 3457; x_wconf 82' lang='lat' dir='ltr'>revolvo</span> <span class='ocrx_word' id='word_1_200' title='bbox 441 3404 490 3455; x_wconf 46' lang='lat'>“⁶</span> <span class='ocrx_word' id='word_1_201' title='bbox 547 3435 615 3443; x_wconf 94' lang='lat'>—-—</span> <span class='ocrx_word' id='word_1_202' title='bbox 668 3404 852 3471; x_wconf 82' lang='lat' dir='ltr'>forma</span> <span class='ocrx_word' id='word_1_203' title='bbox 899 3422 965 3459; x_wconf 80' lang='lat' dir='ltr'>ae</span> <span class='ocrx_word' id='word_1_204' title='bbox 1011 3407 1218 3475; x_wconf 71' lang='lat' dir='ltr'>fiyura]</span> <span class='ocrx_word' id='word_1_205' title='bbox 1268 3407 1387 3460; x_wconf 90' lang='lat' dir='ltr'>eine</span> 
     </span>
     <span class='ocr_line' id='line_1_33' title="bbox 206 3492 1385 3563; baseline 0.003 -18"><span class='ocrx_word' id='word_1_206' title='bbox 206 3508 318 3545; x_wconf 87' lang='lat' dir='ltr'>von</span> <span class='ocrx_word' id='word_1_207' title='bbox 368 3492 552 3547; x_wconf 87' lang='lat' dir='ltr'>Cicero</span> <span class='ocrx_word' id='word_1_208' title='bbox 601 3494 920 3563; x_wconf 84' lang='lat' dir='ltr'>bevorzugte</span> <span class='ocrx_word' id='word_1_209' title='bbox 972 3495 1385 3550; x_wconf 83' lang='lat' dir='ltr'>allitterierende</span> 
     </span>
     <span class='ocr_line' id='line_1_34' title="bbox 205 3580 1312 3651; baseline 0.004 -18"><span class='ocrx_word' id='word_1_210' title='bbox 205 3580 586 3651; x_wconf 75' lang='lat' dir='ltr'>Verbindung:</span> <span class='ocrx_word' id='word_1_211' title='bbox 625 3582 864 3650; x_wconf 89' lang='lat' dir='ltr'>„Wesen</span> <span class='ocrx_word' id='word_1_212' title='bbox 899 3584 1008 3637; x_wconf 89' lang='lat' dir='ltr'>und</span> <span class='ocrx_word' id='word_1_213' title='bbox 1047 3583 1312 3637; x_wconf 79' lang='lat' dir='ltr'>Gestalt“.</span> 
     </span>
    </p>
   </div>
   <div class='ocr_carea' id='block_1_9' title="bbox 1479 2071 2669 3661">
    <p class='ocr_par' dir='ltr' id='par_1_9' title="bbox 1562 2071 2652 2142">
     <span class='ocr_line' id='line_1_35' title="bbox 1562 2071 2652 2142; baseline 0.006 -19"><span class='ocrx_word' id='word_1_214' title='bbox 1562 2084 1637 2124; x_wconf 89' lang='lat'>10.</span> <span class='ocrx_word' id='word_1_215' title='bbox 1676 2071 2012 2141; x_wconf 78' lang='lat' dir='ltr'>intercedere]</span> <span class='ocrx_word' id='word_1_216' title='bbox 2054 2090 2096 2126; x_wconf 93' lang='lat' dir='ltr'>c.</span> <span class='ocrx_word' id='word_1_217' title='bbox 2127 2074 2246 2127; x_wconf 86' lang='lat' dir='ltr'>Dat.</span> <span class='ocrx_word' id='word_1_218' title='bbox 2279 2077 2652 2142; x_wconf 73' lang='lat' dir='ltr'>„verbieten“.</span> 
     </span>
    </p>

    <p class='ocr_par' dir='ltr' id='par_1_10' title="bbox 1479 2161 2669 3661">
     <span class='ocr_line' id='line_1_36' title="bbox 1560 2161 2657 2236; baseline 0.007 -24"><span class='ocrx_word' id='word_1_219' title='bbox 1560 2173 1637 2212; x_wconf 81' lang='lat'>15.</span> <span class='ocrx_word' id='word_1_220' title='bbox 1676 2161 1759 2229; x_wconf 71' lang='lat' dir='ltr'>ex]</span> <span class='ocrx_word' id='word_1_221' title='bbox 1799 2161 1855 2213; x_wconf 89' lang='lat' dir='ltr'>in</span> <span class='ocrx_word' id='word_1_222' title='bbox 1882 2162 2161 2229; x_wconf 82' lang='lat' dir='ltr'>partitiver</span> <span class='ocrx_word' id='word_1_223' title='bbox 2186 2165 2507 2233; x_wconf 83' lang='lat' dir='ltr'>Bedeutung</span> <span class='ocrx_word' id='word_1_224' title='bbox 2542 2169 2657 2236; x_wconf 88' lang='lat' dir='ltr'>(der</span> 
     </span>
     <span class='ocr_line' id='line_1_37' title="bbox 1479 2248 2656 2323; baseline 0.008 -23"><span class='ocrx_word' id='word_1_225' title='bbox 1479 2248 1842 2302; x_wconf 85' lang='lat' dir='ltr'>unsterbliche</span> <span class='ocrx_word' id='word_1_226' title='bbox 1869 2251 1980 2304; x_wconf 85' lang='lat' dir='ltr'>Teil</span> <span class='ocrx_word' id='word_1_227' title='bbox 2008 2269 2077 2305; x_wconf 89' lang='lat' dir='ltr'>an</span> <span class='ocrx_word' id='word_1_228' title='bbox 2095 2254 2376 2323; x_wconf 87' lang='lat' dir='ltr'>Agricola).</span> <span class='ocrx_word' id='word_1_229' title='bbox 2400 2287 2468 2294; x_wconf 96' lang='lat'><strong>—</strong></span> <span class='ocrx_word' id='word_1_230' title='bbox 2495 2274 2656 2310; x_wconf 71' lang='lat' dir='ltr'>‘man-</span> 
     </span>
     <span class='ocr_line' id='line_1_38' title="bbox 1480 2339 2657 2407; baseline 0.009 -18"><span class='ocrx_word' id='word_1_231' title='bbox 1480 2354 1677 2390; x_wconf 79' lang='lat' dir='ltr'>surum</span> <span class='ocrx_word' id='word_1_232' title='bbox 1710 2340 1806 2407; x_wconf 86' lang='lat' dir='ltr'>est]</span> <span class='ocrx_word' id='word_1_233' title='bbox 1844 2339 2003 2392; x_wconf 86' lang='lat' dir='ltr'>Meist</span> <span class='ocrx_word' id='word_1_234' title='bbox 2028 2341 2201 2395; x_wconf 83' lang='lat' dir='ltr'>findet</span> <span class='ocrx_word' id='word_1_235' title='bbox 2226 2343 2340 2396; x_wconf 88' lang='lat' dir='ltr'>sich</span> <span class='ocrx_word' id='word_1_236' title='bbox 2370 2345 2453 2398; x_wconf 91' lang='lat' dir='ltr'>bei</span> <span class='ocrx_word' id='word_1_237' title='bbox 2474 2345 2657 2400; x_wconf 76' lang='lat' dir='ltr'>Cicero</span> 
     </span>
     <span class='ocr_line' id='line_1_39' title="bbox 1481 2426 2657 2502; baseline 0.009 -25"><span class='ocrx_word' id='word_1_238' title='bbox 1481 2426 1590 2478; x_wconf 92' lang='lat' dir='ltr'>und</span> <span class='ocrx_word' id='word_1_239' title='bbox 1641 2427 1778 2480; x_wconf 86' lang='lat' dir='ltr'>auch</span> <span class='ocrx_word' id='word_1_240' title='bbox 1837 2431 2016 2497; x_wconf 70' lang='lat' dir='ltr'>spater</span> <span class='ocrx_word' id='word_1_241' title='bbox 2065 2437 2249 2484; x_wconf 73' lang='lat' dir='ltr'>manet</span> <span class='ocrx_word' id='word_1_242' title='bbox 2302 2438 2350 2486; x_wconf 77' lang='lat' dir='ltr'>et</span> <span class='ocrx_word' id='word_1_243' title='bbox 2402 2435 2657 2502; x_wconf 55' lang='lat' dir='ltr'>manebat,</span> 
     </span>
     <span class='ocr_line' id='line_1_40' title="bbox 1487 2515 2659 2591; baseline 0.008 -22"><span class='ocrx_word' id='word_1_244' title='bbox 1487 2515 1615 2570; x_wconf 87' lang='lat' dir='ltr'>aber</span> <span class='ocrx_word' id='word_1_245' title='bbox 1652 2517 1788 2571; x_wconf 90' lang='lat' dir='ltr'>auch</span> <span class='ocrx_word' id='word_1_246' title='bbox 1816 2517 1902 2572; x_wconf 88' lang='lat' dir='ltr'>die</span> <span class='ocrx_word' id='word_1_247' title='bbox 1930 2519 2361 2591; x_wconf 87' lang='lat' dir='ltr'>Umschreibung</span> <span class='ocrx_word' id='word_1_248' title='bbox 2398 2523 2529 2577; x_wconf 86' lang='lat' dir='ltr'>wird</span> <span class='ocrx_word' id='word_1_249' title='bbox 2566 2541 2659 2578; x_wconf 88' lang='lat' dir='ltr'>an-</span> 
     </span>
     <span class='ocr_line' id='line_1_41' title="bbox 1486 2607 2663 2680; baseline 0.008 -22"><span class='ocrx_word' id='word_1_250' title='bbox 1486 2607 1787 2674; x_wconf 86' lang='lat' dir='ltr'>gewendet:</span> <span class='ocrx_word' id='word_1_251' title='bbox 1826 2626 1963 2677; x_wconf 78' lang='lat' dir='ltr'>quae</span> <span class='ocrx_word' id='word_1_252' title='bbox 1996 2616 2127 2664; x_wconf 78' lang='lat' dir='ltr'>sunt</span> <span class='ocrx_word' id='word_1_253' title='bbox 2162 2618 2259 2665; x_wconf 78' lang='lat' dir='ltr'>aut</span> <span class='ocrx_word' id='word_1_254' title='bbox 2289 2619 2413 2667; x_wconf 79' lang='lat' dir='ltr'>ante</span> <span class='ocrx_word' id='word_1_255' title='bbox 2440 2613 2663 2680; x_wconf 75' lang='lat' dir='ltr'>fuerunt</span> 
     </span>
     <span class='ocr_line' id='line_1_42' title="bbox 1487 2696 2657 2771; baseline 0.008 -23"><span class='ocrx_word' id='word_1_256' title='bbox 1487 2701 1586 2749; x_wconf 75' lang='lat' dir='ltr'>aut</span> <span class='ocrx_word' id='word_1_257' title='bbox 1618 2696 1814 2763; x_wconf 80' lang='lat' dir='ltr'>futura</span> <span class='ocrx_word' id='word_1_258' title='bbox 1849 2704 1993 2752; x_wconf 75' lang='lat' dir='ltr'>sunt.</span> <span class='ocrx_word' id='word_1_259' title='bbox 2034 2731 2101 2739; x_wconf 88' lang='lat'>—-</span> <span class='ocrx_word' id='word_1_260' title='bbox 2140 2701 2404 2769; x_wconf 72' lang='lat' dir='ltr'>inylorv‘os</span> <span class='ocrx_word' id='word_1_261' title='bbox 2432 2709 2480 2757; x_wconf 75' lang='lat' dir='ltr'>et</span> <span class='ocrx_word' id='word_1_262' title='bbox 2506 2703 2657 2771; x_wconf 73' lang='lat' dir='ltr'>iyno-</span> 
     </span>
     <span class='ocr_line' id='line_1_43' title="bbox 1488 2784 2660 2859; baseline 0.008 -22"><span class='ocrx_word' id='word_1_263' title='bbox 1488 2784 1620 2839; x_wconf 76' lang='lat' dir='ltr'>biles</span> <span class='ocrx_word' id='word_1_264' title='bbox 1665 2786 1859 2841; x_wconf 76' lang='lat' dir='ltr'>oblivio</span> <span class='ocrx_word' id='word_1_265' title='bbox 1908 2788 2107 2858; x_wconf 73' lang='lat' dir='ltr'>obruit]</span> <span class='ocrx_word' id='word_1_266' title='bbox 2164 2791 2409 2859; x_wconf 83' lang='lat' dir='ltr'>doppelte</span> <span class='ocrx_word' id='word_1_267' title='bbox 2448 2792 2660 2846; x_wconf 64' lang='grc'>11111116-</span> 
     </span>
     <span class='ocr_line' id='line_1_44' title="bbox 1489 2874 2662 2948; baseline 0.008 -22"><span class='ocrx_word' id='word_1_268' title='bbox 1489 2874 1687 2942; x_wconf 82' lang='lat' dir='ltr'>ration!</span> <span class='ocrx_word' id='word_1_269' title='bbox 1765 2876 1891 2929; x_wconf 89' lang='lat' dir='ltr'>Hor.</span> <span class='ocrx_word' id='word_1_270' title='bbox 1933 2876 2104 2931; x_wconf 86' lang='lat' dir='ltr'>Carm.</span> <span class='ocrx_word' id='word_1_271' title='bbox 2144 2879 2239 2945; x_wconf 93' lang='lat' dir='ltr'>IV,</span> <span class='ocrx_word' id='word_1_272' title='bbox 2278 2882 2328 2945; x_wconf 91' lang='lat'>9,</span> <span class='ocrx_word' id='word_1_273' title='bbox 2367 2882 2460 2935; x_wconf 79' lang='lat'>26:</span> <span class='ocrx_word' id='word_1_274' title='bbox 2501 2880 2662 2948; x_wconf 88' lang='lat' dir='ltr'>„illa-</span> 
     </span>
     <span class='ocr_line' id='line_1_45' title="bbox 1491 2962 2663 3035; baseline 0.006 -21"><span class='ocrx_word' id='word_1_275' title='bbox 1491 2962 1788 3018; x_wconf 84' lang='lat' dir='ltr'>crimabiles</span> <span class='ocrx_word' id='word_1_276' title='bbox 1807 2967 2065 3033; x_wconf 86' lang='lat' dir='ltr'>urgentur</span> <span class='ocrx_word' id='word_1_277' title='bbox 2083 2966 2353 3035; x_wconf 79' lang='lat' dir='ltr'>ignotique</span> <span class='ocrx_word' id='word_1_278' title='bbox 2371 2971 2526 3021; x_wconf 84' lang='lat' dir='ltr'>nocte</span> <span class='ocrx_word' id='word_1_279' title='bbox 2542 2972 2589 3021; x_wconf 81' lang='grc'>“.</span> <span class='ocrx_word' id='word_1_280' title='bbox 2612 3005 2663 3011; x_wconf 96' lang='grc'>-</span> 
     </span>
     <span class='ocr_line' id='line_1_46' title="bbox 1488 3054 2663 3123; baseline 0.007 -19"><span class='ocrx_word' id='word_1_281' title='bbox 1488 3058 1753 3106; x_wconf 79' lang='lat' dir='ltr'>narratus</span> <span class='ocrx_word' id='word_1_282' title='bbox 1790 3058 1839 3106; x_wconf 82' lang='lat' dir='ltr'>et</span> <span class='ocrx_word' id='word_1_283' title='bbox 1873 3054 2129 3123; x_wconf 77' lang='lat' dir='ltr'>traditus]</span> <span class='ocrx_word' id='word_1_284' title='bbox 2168 3055 2337 3109; x_wconf 90' lang='lat' dir='ltr'>Nicht</span> <span class='ocrx_word' id='word_1_285' title='bbox 2370 3058 2538 3111; x_wconf 90' lang='lat' dir='ltr'>durch</span> <span class='ocrx_word' id='word_1_286' title='bbox 2566 3059 2663 3111; x_wconf 85' lang='lat' dir='ltr'>Ta-</span> 
     </span>
     <span class='ocr_line' id='line_1_47' title="bbox 1491 3140 2666 3212; baseline 0.006 -20"><span class='ocrx_word' id='word_1_287' title='bbox 1491 3140 1627 3194; x_wconf 85' lang='lat' dir='ltr'>citus</span> <span class='ocrx_word' id='word_1_288' title='bbox 1673 3142 1731 3193; x_wconf 87' lang='lat' dir='ltr'>in</span> <span class='ocrx_word' id='word_1_289' title='bbox 1776 3142 1976 3195; x_wconf 91' lang='lat' dir='ltr'>diesem</span> <span class='ocrx_word' id='word_1_290' title='bbox 2013 3143 2206 3212; x_wconf 85' lang='lat' dir='ltr'>Werk,</span> <span class='ocrx_word' id='word_1_291' title='bbox 2256 3162 2362 3199; x_wconf 90' lang='lat' dir='ltr'>von</span> <span class='ocrx_word' id='word_1_292' title='bbox 2409 3147 2666 3201; x_wconf 88' lang='lat' dir='ltr'>welchem</span> 
     </span>
     <span class='ocr_line' id='line_1_48' title="bbox 1492 3230 2665 3305; baseline 0.008 -23"><span class='ocrx_word' id='word_1_293' title='bbox 1492 3230 1588 3283; x_wconf 88' lang='lat' dir='ltr'>der</span> <span class='ocrx_word' id='word_1_294' title='bbox 1623 3230 1911 3285; x_wconf 83' lang='lat' dir='ltr'>Verfasser</span> <span class='ocrx_word' id='word_1_295' title='bbox 1948 3233 2100 3301; x_wconf 87' lang='lat' dir='ltr'>(Kap.</span> <span class='ocrx_word' id='word_1_296' title='bbox 2130 3237 2181 3301; x_wconf 92' lang='lat'>3,</span> <span class='ocrx_word' id='word_1_297' title='bbox 2221 3235 2391 3305; x_wconf 86' lang='lat' dir='ltr'>Ende)</span> <span class='ocrx_word' id='word_1_298' title='bbox 2429 3236 2536 3290; x_wconf 91' lang='lat' dir='ltr'>viel</span> <span class='ocrx_word' id='word_1_299' title='bbox 2573 3237 2665 3291; x_wconf 90' lang='lat' dir='ltr'>be-</span> 
     </span>
     <span class='ocr_line' id='line_1_49' title="bbox 1493 3319 2667 3389; baseline 0.006 -17"><span class='ocrx_word' id='word_1_300' title='bbox 1493 3319 1807 3373; x_wconf 88' lang='lat' dir='ltr'>scheidener</span> <span class='ocrx_word' id='word_1_301' title='bbox 1854 3322 2044 3389; x_wconf 76' lang='lat' dir='ltr'>denkt,</span> <span class='ocrx_word' id='word_1_302' title='bbox 2100 3325 2331 3377; x_wconf 89' lang='lat' dir='ltr'>sondern</span> <span class='ocrx_word' id='word_1_303' title='bbox 2378 3325 2453 3377; x_wconf 90' lang='lat' dir='ltr'>im</span> <span class='ocrx_word' id='word_1_304' title='bbox 2490 3326 2667 3379; x_wconf 86' lang='lat' dir='ltr'>Ruhm</span> 
     </span>
     <span class='ocr_line' id='line_1_50' title="bbox 1492 3408 2667 3483; baseline 0.007 -23"><span class='ocrx_word' id='word_1_305' title='bbox 1492 3408 1588 3461; x_wconf 88' lang='lat' dir='ltr'>der</span> <span class='ocrx_word' id='word_1_306' title='bbox 1645 3410 1963 3463; x_wconf 85' lang='lat' dir='ltr'>Gesohichte</span> <span class='ocrx_word' id='word_1_307' title='bbox 2028 3413 2211 3479; x_wconf 80' lang='lat' dir='ltr'>(fama</span> <span class='ocrx_word' id='word_1_308' title='bbox 2263 3417 2473 3483; x_wconf 79' lang='lat' dir='ltr'>rerum)</span> <span class='ocrx_word' id='word_1_309' title='bbox 2536 3416 2667 3468; x_wconf 88' lang='lat' dir='ltr'>vvird</span> 
     </span>
     <span class='ocr_line' id='line_1_51' title="bbox 1492 3497 2669 3571; baseline 0.008 -22"><span class='ocrx_word' id='word_1_310' title='bbox 1492 3497 1740 3565; x_wconf 87' lang='lat' dir='ltr'>Agricola</span> <span class='ocrx_word' id='word_1_311' title='bbox 1822 3499 2091 3554; x_wconf 73' lang='lat' dir='ltr'>fortleben</span> <span class='ocrx_word' id='word_1_312' title='bbox 2178 3504 2465 3571; x_wconf 74' lang='lat' dir='ltr'>(superstes</span> <span class='ocrx_word' id='word_1_313' title='bbox 2536 3521 2669 3557; x_wconf 80' lang='lat' dir='ltr'>suae</span> 
     </span>
     <span class='ocr_line' id='line_1_52' title="bbox 1492 3585 2546 3661; baseline 0.007 -23"><span class='ocrx_word' id='word_1_314' title='bbox 1492 3585 1675 3654; x_wconf 75' lang='lat' dir='ltr'>ipsius</span> <span class='ocrx_word' id='word_1_315' title='bbox 1710 3588 1904 3641; x_wconf 82' lang='lat' dir='ltr'>mortis</span> <span class='ocrx_word' id='word_1_316' title='bbox 1941 3594 1989 3642; x_wconf 86' lang='lat' dir='ltr'>et</span> <span class='ocrx_word' id='word_1_317' title='bbox 2024 3590 2267 3645; x_wconf 71' lang='lat' dir='ltr'>aliorum</span> <span class='ocrx_word' id='word_1_318' title='bbox 2297 3591 2546 3661; x_wconf 74' lang='lat' dir='ltr'>yloriae).</span> 
     </span>
    </p>
   </div>
  </div>
 </body>
</html>
