3241 5118
1164 398 1420 466 Agricola.
1496 415 1539 451 c.
1579 400 1665 453 43.
1704 399 1791 452 44.
2630 399 2700 458 (53

420 562 634 625 Natus
705 565 843 625 erat
910 562 1204 644 Agricola
1270 559 1427 625 Gaio
1490 559 1761 626 Caesare
1826 561 2091 624 tertium
2163 563 2419 625 consule
2480 562 2700 625 Idibus
2721 567 2808 626 44

227 668 480 732 Iuniis:
531 668 801 732 excessit
847 670 1077 749 quarto
1126 670 1191 731 et
1238 668 1763 749 quinquagesimo
1811 685 2007 743 ωηο,
2064 667 2328 732 decumo
2375 668 2701 732 Kalendas

236 775 656 858 Septembres
705 774 963 856 Collega
1008 775 1352 856 Priscoque
1401 774 1785 838 consulibus.

1878 772 2061 852 Quod
2108 775 2163 837 si
2208 775 2500 838 habitum
2550 795 2703 856 quo-

236 901 370 962 que
420 883 556 945 eius
615 882 854 963 posteri
910 900 1166 945 noscere
1227 882 1456 958 velint,
1519 881 1840 944 decentior
1902 899 2093 961 qua-m
2154 881 2484 945 sublimior
2543 881 2700 955 fuit3

233 990 406 1052 nihil
451 993 664 1052 metus
711 989 776 1052 in
822 989 1042 1052 vultu:
1092 989 1300 1070 grat-ia
1346 990 1470 1053 oris
1519 989 1867 1070 supererat.
1959 987 2214 1052 Bonum
2260 989 2467 1052 virum
2515 988 2700 1052 facile
2727 1010 2751 1047 5

237 1096 554 1170 credereS‚
602 1114 907 1177 magnum
954 1096 1242 1160 libenter.
1318 1095 1403 1159 Et
1448 1096 1583 1177 ipse
1635 1095 1911 1175 quidem,
1960 1113 2350 1176 quamquam
2395 1095 2601 1158 medio
2634 1096 2700 1158 in

239 1203 451 1284 spatio
500 1204 786 1284 integrae
835 1203 1065 1266 aetatis
1115 1204 1390 1284 ereptus,
1441 1204 1754 1283 quantum
1797 1201 1877 1264 ad
1924 1202 2209 1282 gloriam,
2257 1202 2700 1283 longissimum

241 1329 476 1373 aevum
534 1310 795 1392 peregit.
889 1307 1133 1392 Quippe
1205 1313 1270 1372 et
1329 1327 1478 1372 vera
1535 1309 1730 1385 bona,
1802 1327 1965 1390 quae
2036 1309 2102 1371 in
2161 1309 2503 1400 virtutibus
2576 1310 2701 1372 sita

243 1419 431 1492 sunt,
491 1417 898 1498 impleverat,
946 1421 1011 1480 et
1058 1417 1375 1480 consulari
1423 1434 1497 1480 ac
1541 1416 2037 1498 triumphalibus
2086 1416 2473 1479 ornamentis
2520 1434 2703 1498 prae-

245 1523 380 1586 dito
442 1524 594 1604 quid
657 1523 830 1587 aliud
891 1523 1220 1587 adstruere
1281 1522 1538 1587 fortuna
1599 1525 1897 1605 poterat?
1991 1521 2232 1604 Opibus
2293 1523 2506 1586 nimiis
2574 1542 2701 1586 non
2732 1539 2789 1580 ιο

247 1630 601 1711 gaudebat,
661 1631 980 1712 speciosae
1030 1631 1444 1712 contigerant.
1534 1630 1697 1693 Filia
1744 1631 1936 1710 atque
1994 1647 2184 1692 uxore
2251 1629 2702 1710 superstitibus

245 1741 462 1820 potest
506 1737 705 1800 videri
754 1738 948 1800 etiam
994 1738 1219 1801 beatus
1267 1736 1928 1817 incolumidignitate,
1974 1734 2239 1799 florente
2272 1735 2461 1810 fama,
2511 1736 2703 1799 salvis

246 1844 684 1907 adfinitatibus
733 1846 798 1908 et
844 1845 1138 1908 amicitiis
1186 1843 1406 1907 futura
1453 1842 1767 1924 effugisse.
1844 1843 2011 1905 Nam
2061 1843 2225 1906 sicut
2258 1843 2315 1906 ei
2359 1861 2483 1906 non
2524 1843 2706 1906 licuit

245 2020 375 2072 sche
415 2018 657 2087 Stellung
703 2019 878 2072 dieser
913 2019 1102 2072 Worte
1148 2036 1233 2072 am
1269 2019 1419 2073 Ende

245 2108 344 2161 des
400 2108 583 2161 Satzes
646 2109 754 2160 und
812 2108 898 2161 die
954 2108 1233 2161 Antithese
1288 2108 1420 2161 bono

237 2202 398 2265 patre
437 2197 566 2249 wird
603 2197 699 2250 der
736 2197 984 2250 Gedanke
1023 2197 1336 2251 verschat-ft.

249 2362 678 2411 charakteristik
713 2362 994 2423 Agricolas
1030 2363 1137 2410 und
1171 2361 1422 2411 Verbalt-

408 2452 547 2500 nisse
585 2466 681 2499 zur
717 2453 832 2500 zeit
869 2453 1036 2500 seinos
1073 2452 1256 2500 Todes.

548 2535 701 2605 (Kap.
741 2537 992 2603 44—45,
1034 2536 1139 2599 11.)

319 2642 477 2711 Kap.
508 2644 614 2700 44.
691 2642 865 2697 Schon
905 2643 990 2695 die
1029 2643 1424 2711 vorhergehen-

249 2731 351 2784 den
370 2732 584 2799 Kapitel
607 2732 782 2785 haben
815 2731 1142 2785 rhetorische
1162 2732 1423 2801 Farbung,

251 2820 376 2873 weit
411 2820 569 2874 mehr
618 2820 759 2873 noch
795 2822 890 2873 der
925 2820 1087 2874 letzte
1124 2821 1423 2889 Abschnist,

251 2909 306 2960 in
342 2909 603 2963 welchem
639 2910 724 2962 die
748 2910 907 2963 Liebe
934 2910 1045 2961 und
1063 2909 1424 2978 Anhanglich-

249 2997 356 3051 keit
401 3014 469 3051 an
506 2998 608 3051 den
646 2998 814 3051 Toten
851 2999 1107 3051 beredten
1143 2999 1426 3051 Ausdruck

250 3086 436 3140 findet.
467 3118 534 3125 ——
565 3087 786 3140 tertium
813 3089 977 3156 cons]
1011 3113 1074 3131 ---
1105 3089 1177 3143 40
1196 3104 1246 3140 n.
1270 3086 1424 3156 Chr.;

251 3175 498 3244 Agricola
543 3176 686 3229 starb
725 3179 808 3231 93.
866 3207 929 3216 —-
987 3176 1192 3230 decimo
1227 3176 1316 3246 K.]
1359 3202 1422 3221 =

251 3280 301 3316 a.
312 3264 362 3316 d.
377 3263 436 3316 X
448 3264 570 3317 Kal.
584 3296 652 3303 —
667 3264 905 3334 habitus]
918 3305 948 3334 „
963 3266 1056 3318 das
1070 3256 1298 3319 Bussere
1311 3269 1359 3317 “.
1375 3300 1424 3308 -

250 3353 532 3421 decentior]
582 3353 786 3405 Positiv
833 3354 1052 3407 decorus
1100 3380 1164 3398 -—-
1214 3353 1424 3422 „wohl-

251 3440 561 3509 gestaltet“.
650 3441 750 3494 Die
787 3443 1070 3510 Adjektiva
1125 3446 1218 3497 auf
1272 3461 1426 3497 -orus

252 3529 630 3583 widerstreben
668 3531 764 3583 der
794 3531 1188 3601 Komparation.
1230 3564 1294 3574 -—
1333 3551 1426 3587 su—

253 3618 458 3688 blimis]
499 3660 530 3687 „
542 3620 998 3687 hochgewachsen
1011 3624 1059 3673 “.

327 3725 371 3761 5.
409 3710 602 3777 metus]
650 3708 792 3762 kann
829 3711 967 3763 auch
1005 3710 1180 3763 aktive
1217 3711 1426 3764 Bedeu-

259 3799 390 3865 tung
417 3797 610 3863 haben,
650 3798 745 3851 das
775 3796 1426 3867 ,‚Furchterweckende“,

255 3884 498 3951 Quintil:
556 3890 802 3952 „metum
858 3886 1123 3955 duplicem
1189 3886 1428 3955 intellegi

253 3973 396 4042 volo,
463 3990 622 4042 quem
675 3974 909 4042 patimur
972 3977 1028 4029 et
1083 3991 1241 4043 quem
1295 3975 1428 4028 faci-

252 4078 370 4116 mus
385 4066 434 4117 “.
493 4093 558 4101 —-
614 4065 904 4133 superesse]
963 4063 1261 4132 „reichlich
1306 4081 1428 4119 vor-

253 4151 466 4205 handen
495 4151 611 4205 sein
627 4155 674 4204 “.
716 4152 892 4206 Germ.
925 4156 973 4221 6,
996 4156 1052 4207 6:
1085 4170 1196 4220 „ne
1223 4155 1430 4207 ferrum

254 4241 470 4308 quidem
525 4244 826 4308 superest“.
884 4272 952 4281 —
1009 4248 1276 4309 quantum
1329 4243 1428 4312 ad]

255 4329 450 4381 franza
502 4331 668 4397 quant
703 4331 761 4397 a,
808 4329 1246 4399 gebrauchlicher
1295 4332 1434 4399 quod

257 4418 450 4471 attinet
485 4417 574 4470 ad.
631 4448 699 4457 —-
755 4419 930 4472 medio
966 4420 1069 4488 sp.]
1108 4420 1285 4474 nicht:
1325 4438 1433 4489 „er

1526 2019 1675 2071 hatte
1730 2021 1841 2071 erst
1888 2017 1973 2071 die
2026 2017 2209 2071 H‘alste
2258 2018 2639 2071 durchmessen
2656 2019 2704 2085 “,

1527 2108 1783 2161 sonderu:
1841 2124 1951 2174 „cr
2004 2108 2159 2160 stand
2219 2107 2360 2160 noch
2422 2106 2704 2160 innerhalb

1529 2197 1709 2250 seiner
1733 2196 2163 2264 Lebcnsbahn“;
2192 2213 2316 2249 man
2344 2196 2541 2248 konnte
2569 2196 2705 2248 noch

1530 2285 1685 2338 mehr
1702 2285 1864 2338 Jahre
1897 2286 2007 2337 und
2038 2284 2253 2352 langere
2281 2285 2575 2352 Thatigkeit
2601 2301 2707 2337 von

1529 2374 1643 2427 ihm
1682 2375 1945 2428 erwarten
1983 2373 2327 2442 (interceptas
2354 2377 2469 2441 est).
2510 2404 2577 2411 —
2616 2373 2705 2425 in-

1531 2468 1707 2531 teqrae
1753 2462 1969 2531 aetatis]
2027 2461 2098 2514 ist
2142 2461 2221 2515 als
2277 2462 2464 2515 Genet.
2524 2461 2704 2529 qualit.

1533 2553 1629 2606 auf
1646 2552 1893 2621 Agricola
1921 2570 1987 2606 zu
2006 2551 2290 2607 beziehen:
2322 2570 2447 2605 cum
2466 2550 2709 2619 iriteyrae

1531 2642 1728 2695 aetatis
1756 2648 1900 2696 esset.
1950 2643 2244 2709 Gegensatz
2272 2641 2417 2709 fessa
2444 2647 2606 2694 aetas.
2639 2672 2706 2679 —

1533 2731 1598 2783 in
1642 2732 1957 2800 virtutibus]
2006 2731 2161 2784 Nach
2211 2730 2472 2783 stoischer
2516 2730 2707 2795 Lehre,

1532 2820 1672 2873 Hist.
1712 2821 1806 2887 IV,
1845 2822 1906 2874 5:
1958 2820 2244 2886 „doctores
2293 2819 2584 2886 sapientiae
2623 2836 2709 2871 se-

1533 2912 1689 2961 cutus
1718 2911 1816 2974 est,
1855 2908 1945 2976 qui
1974 2907 2087 2960 sola
2113 2908 2264 2973 bona,
2304 2924 2439 2975 quae
2468 2908 2707 2973 honesta,

1532 2996 1673 3049 mala
1720 2999 1927 3049 tantum
1966 3012 2101 3064 quae
2147 2994 2349 3063 turpia,
2399 2994 2707 3063 potentiam,

1532 3084 1863 3138 nobilitatem
1918 3088 2206 3153 ceteraque
2264 3087 2417 3138 extra
2472 3082 2709 3137 animum

1532 3191 1708 3243 neque
1736 3174 1888 3228 bonis
1916 3191 2091 3243 neque
2119 3174 2272 3227 malis
2311 3175 2708 3227 adnume1·ant“

1533 3266 1647 3333 (fiir
1682 3264 1996 3318 indifferent
2032 3264 2311 3332 erklaren).
2351 3295 2418 3302 —
2466 3263 2709 3332 implere]

1533 3353 1824 3422 „ganzlich
1879 3353 2181 3420 erreichen,
2249 3352 2567 3420 vollstandig
2619 3353 2711 3405 be-

1534 3442 1769 3496 sitzen“.
1856 3442 1924 3496 So
1961 3442 2099 3496 Hist.
2138 3442 2196 3508 Ι,
2236 3444 2329 3495 16;
2384 3440 2711 3509 „impletum

1535 3534 1619 3585 est
1646 3547 1801 3584 omne
1831 3530 2128 3596 consilium,
2169 3529 2215 3582 si
2252 3532 2306 3581 te
2333 3529 2470 3582 bene
2511 3529 2709 3597 elegi“.

1613 3634 1692 3675 ιο.
1730 3620 2025 3687 adstruere]
2058 3618 2241 3685 „noch
2265 3617 2559 3684 verleihen,
2600 3617 2709 3670 bei-

1533 3708 1691 3778 legen
1708 3712 1754 3760 “.
1795 3739 1862 3746 —
1896 3707 2180 3776 qaudebat]
2219 3706 2569 3759 verschieden
2606 3723 2712 3759 von

1533 3799 1655 3852 uti!
1692 3798 1885 3865 „hatte
1913 3796 2067 3849 keine
2095 3796 2303 3849 Frende
2342 3798 2473 3849 an“.
2512 3827 2581 3836 —
2618 3813 2711 3847 su-

1528 3886 1869 3957 perstitimus]
1935 3885 2150 3939 kausale
2213 3884 2583 3952 Bestimmung
2646 3901 2713 3936 zu

1536 3977 1734 4043 beatu-3,
1774 3975 1860 4028 die
1888 3974 2115 4043 iibrigen
2131 3974 2306 4028 Ablat.
2338 3972 2582 4027 zeitliche
2600 3976 2713 4025 An-

1536 4066 1708 4135 gaben
1747 4082 1813 4118 zu
1850 4064 2114 4133 effuqisse.
2176 4064 2403 4117 Tochter
2437 4063 2546 4116 und
2573 4062 2714 4115 Fran

1538 4154 1657 4207 sind
1705 4154 1784 4207 als
1833 4153 2054 4207 nachste
2098 4153 2417 4206 Verwandte
2466 4168 2570 4204 von
2620 4152 2717 4204 der

1539 4246 1719 4312 spater
1736 4246 2040 4311 genannten
2067 4241 2334 4307 adfinitas
2362 4242 2623 4307 getrennt.
2644 4271 2714 4279 —-

1539 4331 1926 4399 adfinitatibus
1954 4336 2001 4383 et
2028 4329 2332 4398 amicitiis]
2372 4328 2525 4382 Auch
2554 4328 2627 4380 im
2648 4330 2713 4381 D.

1542 4420 1867 4474 verwenden
1880 4419 1979 4472 wir
1993 4418 2415 4486 entsprechende
2431 4417 2715 4471 Abstrakte

2205 4508 2239 4561 5
2256 4508 2287 4541 ain
